2942 4634
248 355 294 425 70
398 333 757 399 Serranus
808 323 1117 395 Baeuzrr

249 456 351 523 guntur
362 445 390 501 in
402 442 541 499 Chronico
554 440 758 506 Alexandrino,
779 440 904 499 vertenda
915 440 997 502 sunt.
1018 460 1068 518 pro
1079 461 1114 501 eo
1125 442 1199 521 quod
1210 442 1266 503 ne

251 525 329 579 derus
341 521 421 578 vertit
433 518 612 582 ratarum,
635 518 742 574 coastus
754 516 899 575 admonere
913 519 941 575 in
953 518 1074 597 margine
1093 518 1151 577 haec
1167 520 1267 578 intelli·

250 598 338 674 genda
347 597 399 653 effe
411 596 444 651 de
456 597 564 653 decimo
578 594 740 651 Diocletiani
753 593 900 651 consulatu.
940 592 1151 671 lnquosandla
1180 614 1210 652 us
1229 596 1268 655 est

252 674 293 729 vir
305 671 502 730 eruditissimus.
535 672 610 728 Nam
622 670 642 728 fi
653 671 836 729 Diocletianus
846 671 931 729 decies
942 671 1046 730 Consul
1059 670 1127 737 suit,
1163 673 1268 731 ecimus

252 751 311 824 ejus
327 748 478 807 consulatus
490 748 583 805 incidit
600 748 629 804 in
647 767 748 805 annum
769 746 867 805 Christi
888 766 976 806 cccv.
997 761 1028 805 ut
1046 745 1122 824 supri
1139 750 1267 809 vidimus.

252 829 345 903 ltaque
358 826 403 883 hic
414 825 488 883 locus
499 825 685 902 intelligendus
695 825 733 881 est
745 826 779 881 de
791 824 897 882 decimo
909 819 1069 881 Maximiani
1076 824 1270 885 Herculiicon-

253 902 360 968 sulatu,
399 902 427 958 ui
441 916 504 957 tum
514 902 659 997 imperium
677 900 857 977 resumpserat.
898 902 950 959 Sed
968 900 1145 968 hisomisfis,
1163 902 1269 989 adquae

253 998 301 1056 per
383 998 481 1037 ennam
494 991 603 1035 tantum
617 981 645 1036 ὃ(
656 978 730 1056 quas
742 978 813 1036 aliud
831 978 934 1057 agendo
951 978 1075 1035 animum
1093 980 1271 1044 advertimus,
1385 1010 1391 1035 r

159 1123 162 1130 .
253 1054 442 1133 persequamur
454 1068 611 1131 argumenta
622 1056 719 1143 quibus
730 1055 835 1133 probari
852 1052 937 1131 potest
955 1056 1092 1113 Licinium
1104 1054 1207 1115 fabium
1218 1054 1271 1113 effe

254 1135 448 1209 Imperatorem
460 1150 530 1188 anno
543 1131 643 1188 Christi
655 1132 842 1189 trecentesimo
853 1132 977 1208 septimo.
1018 1134 1133 1189 Certum
1143 1131 1180 1191 est
1192 1134 1269 1189 Con·

146 1258 150 1266 ,
240 1209 401 1265 'stantinum
414 1207 490 1265 suiisc
502 1206 604 1265 fanum
610 1213 802 1285 Imperatorem
814 1209 872 1285 post
884 1209 1099 1297 mortem-patris⁸
1107 1227 1177 1265 anno
1190 1208 1272 1265 Chri-

256 1286 290 1341 sti
310 1305 416 1342 cccvi.
438 1284 527 1344 mense
537 1285 608 1342 Iulio
618 1298 741 1344 exeunte.
782 1289 873 1364 ltaque
884 1286 987 1361 primus
1003 1286 1111 1361 imperii
1122 1285 1177 1360 ejus
1188 1300 1272 1341 annus
1323 1278 1328 1285 ’

257 1360 349 1418 finitus
361 1362 398 1419 est
409 1362 506 1419 eodem
520 1360 689 1441 mensiJuiio
702 1363 765 1419 anni
775 1360 914 1440 sequentis.
955 1359 1030 1419 Clam
1042 1376 1134 1420 autem
1146 1360 1272 1419 Eusebius

248 1438 286 1510 ¹in
298 1438 437 1497 Chronico
450 1438 649 1515 imperatoriam
661 1439 757 1497 Licinii
769 1439 927 1517 dignitatem
941 1452 1023 1515 ponat
1035 1440 1063 1495 in
1075 1456 1146 1497 anno
1157 1436 1273 1496 secundo

258 1516 364 1591 imperii
378 1516 566 1581 Constantini,
585 1514 700 1573 dubium
712 1534 768 1573 non
785 1517 822 1574 est
837 1516 905 1594 quin
923 1514 1071 1574 secundilm
1084 1512 1187 1573 Eusebii
1200 1514 1274 1572 testi·

259 1594 389 1649 monium
406 1594 462 1667 ejus
481 1593 557 1649 initia
574 1592 711 1650 referenda
730 1591 782 1650 slnt
800 1594 833 1651 ad
851 1612 954 1651 annum
974 1610 1096 1649 cccvii.
1117 1602 1273 1649 exeuntem.

259 1669 385 1745 Denique
396 1669 417 1726 fi
429 1670 565 1727 tribunitia
576 1670 686 1743 poteslas
697 1671 896 1745 Imperatorum
914 1668 985 1727 illius
996 1670 1045 1727 evi
1058 1666 1245 1725 numerabatur
1258 1664 1275 1723 al

259 1745 303 1803 die
315 1764 371 1823 quo
384 1746 529 1821 imperium
542 1744 628 1821 adepti
645 1757 719 1803 erant
733 1786 742 1811 ,
764 1758 794 1803 ut
812 1747 897 1824 placet
909 1747 971 1804 viris
989 1744 1188 1805 eruditissimis,
1208 1741 1274 1805 hinc

259 1822 343 1880 etiam
355 1820 529 1879 confirmatur
541 1822 677 1886 Licinium
689 1820 793 1879 netum
811 1824 862 1883 esse
884 1826 1074 1899 Imperatorem
1087 1840 1157 1877 anno
1171 1818 1274 1877 Christi

261 1917 356 1955 cccvi
364 1917 386 1953 ι.
398 1895 463 1956 clam
478 1900 505 1956 in
518 1898 607 1955 edisio
618 1898 820 1975 quodGalerius
832 1900 979 1959 moriturus
990 1900 1072 1957 edidit
1084 1916 1154 1955 anno
1169 1915 1274 1955 cccxi.

261 1974 290 2031 in
302 1975 416 2051 gratiam
429 1974 662 2042 Christianorum,
682 1977 756 2053 quod
776 1976 841 2033 verb
863 1976 1031 2035 Nicomediae
1049 1973 1218 2053 propositum
1237 1974 1276 2031 est

259 2052 345 2127 pridie
358 2052 487 2109 Kalendas
497 2053 600 2129 Maias,
620 2054 760 2111 adnotatos
778 2052 811 2110 sit
829 2070 913 2111 annus
925 2068 1033 2131 quartus
1043 2052 1188 2110 tribunitiae
1200 2064 1276 2127 pote-

260 2130 331 2187 statis
343 2129 441 2187 Licinii
454 2131 523 2207 apud
536 2129 680 2189 Eusebium
694 2130 723 2187 in
732 2129 852 2187 editione
858 2128 1011 2189 Valelii&a
1029 2130 1066 2187 ud
1078 2129 1276 2205 Nicephorum.

261 2205 349 2283 Atqui
362 2206 382 2263 fi
394 2226 475 2265 annos
492 2208 588 2265 Licinii
601 2207 709 2285 colligas
726 2246 735 2271 ‚
762 2211 790 2267 bt
807 2206 868 2263 illos
893 2202 908 2264 i
933 2226 1024 2265 mene
1044 2206 1198 2263 Novembri
1215 2204 1277 2261 anni

263 2301 357 2340 cccvi
368 2300 390 2339 1.
410 2284 532 2360 incipias,
551 2284 628 2343 nullo
639 2284 751 2361 negotio
763 2286 873 2361 reperies
884 2302 985 2341 annum
993 2302 1100 2341 cccxi.
1109 2281 1185 2339 fuisse
1199 2292 1277 2359 quar·

262 2369 325 2415 tum
337 2359 482 2418 tribunitiae
494 2363 550 2436 ejus
561 2362 707 2439 potestatis.
727 2360 847 2439 adeoque
859 2362 939 2417 etiarn
952 2360 1065 2434 imperii.
1107 2362 1141 2417 lit
1147 2358 1205 2415 hac
1217 2357 1279 2415 sunt

262 2452 324 2509 quae
335 2436 387 2492 dici
400 2438 506 2511 poss'unt
519 2458 568 2514 pro
585 2438 768 2498 confirmanda
787 2455 885 2493 eorum
904 2435 1032 2509 opinione
1050 2434 1099 2512 qui
1117 2433 1279 2491 arbitrantur

263 2510 399 2567 Licinium
411 2532 482 2567 anno
501 2533 625 2571 cccvir.
645 2517 772 2573 evectum
783 2512 815 2571 ad
825 2512 983 2591 dignitatem
995 2510 1204 2587 imperatoriam.
1225 2510 1291 2569 Sed·

262 2585 384 2643 adrerslrs
397 2587 453 2645 haec
465 2592 557 2660 reponi
568 2590 654 2663 potest
666 2610 794 2669 magnam
808 2590 859 2649 esse
871 2588 1056 2647 austoritatem
1068 2586 1209 2644 Fastorum
1221 2588 1280 2646 lda-
1389 2592 1391 2611 ‘

264 2664 421 2726 timorum,
444 2662 472 2718 in
505 2663 581 2719 uibus
592 2664 700 2719 historia
713 2668 757 2723 illa
769 2668 882 2726 refertur
894 2666 926 2725 ad
940 2684 1041 2723 annum
1052 2663 1207 2752 sequentem
1221 2702 1231 2729 ‚
1250 2668 1279 2723 dt

263 2733 373 2797 meritb.
412 2682 537 2795 Primhm
549 2739 623 2797 enim
634 2743 815 2871 nozpomilse
826 2744 966 2801 Galerium
979 2744 1178 2811 Maximianum
1192 2740 1226 2798 iic
1237 2759 1279 2799 ra-

263 2816 334 2893 ptim
354 2818 382 2874 &
399 2816 590 2893 praecipitanter
600 2812 669 2891 proh
687 2813 776 2873 ‘ciin
787 2818 893 2875 ltaliam
915 2838 981 2877 cum
1007 2818 1158 2898 ingentibus
1183 2818 1280 2893 copiis,

264 2896 388 2951 Romam
401 2892 540 2956 obsidere,
559 2911 589 2951 ac
601 2891 727 2949 reducere
738 2893 890 2951 exercitum
901 2894 1082 2973 inlllpricum.
1091 2909 1121 2953 ut
1134 2896 1228 2953 omnia
1239 2892 1279 2951 sa·

162 3023 165 3028 .
265 2971 373 3041 &adici
385 2968 484 3047 possint
495 2970 565 3026 intra
576 2970 696 3047 quinque
709 2983 756 3028 aut
780 2968 826 3029 sex
846 2971 982 3031 mensium
1006 2973 1142 3049 spatium,
1162 2972 1280 3047 adeoque

264 3048 429 3125 probabilius
439 3046 522 3105 videri
535 3046 669 3105 exceffum
686 3047 789 3107 Galerii
800 3066 834 3107 ex
845 3048 921 3107 ltalia
933 3050 1072 3127 contigisse
1090 3068 1161 3107 anno
1179 3060 1283 3105 necen-

266 3124 365 3183 tesimo
384 3126 489 3181 ostreo
528 3127 656 3183 Praeterea
672 3126 797 3185 credibile
815 3110 871 3183 noh
889 3126 941 3183 eise
959 3126 1161 3184 Maximianum
1178 3129 1282 3182 Hercu·

265 3200 353 3268 lium,
370 3202 516 3260 hominem
528 3201 633 3291 senem,
651 3202 700 3337 qui
711 3204 781 3281 apud
789 3204 959 3261 Carnuntum
972 3216 1036 3289 etim
1042 3201 1213 3261 Diocletiano
1226 3213 1282 3259 erat

266 3278 882 3434 l⁰.t⁹hh{:.rh⁰dhhl⁵.thhts¹?.‚
895 3276 1282 3432 alianastasis

291 3451 314 3487 ae
325 3431 503 3499 celebravisse,
522 3430 628 3491 rursum
641 3435 670 3490 in
683 3434 786 3491 Italiam
793 3430 896 3490 rediisse
909 3432 967 3511 post
979 3431 1074 3508 fugam
1085 3433 1203 3501 Galerii,
1217 3444 1281 3490 tum

268 3509 351 3565 etiam
363 3509 464 3579 itemm
475 3510 503 3567 in
514 3508 647 3577 Galliam,
666 3514 695 3570 δι
707 3510 771 3569 hinc
783 3511 811 3567 in
824 3511 990 3569 Pannoniam
1002 3510 1156 3586 profestum
1168 3512 1200 3569 ad
1212 3510 1283 3566 Dio-

268 3584 421 3647 cletianum.
461 3586 585 3663 Denique
596 3589 624 3645 in
640 3590 660 3646 E
679 3589 765 3645 itome
777 3588 894 3657 Visioris
905 3588 959 3668 legi
978 3587 1164 3647 Maximinum
1175 3590 1283 3645 Dazam

269 3660 401 3719 Caesarem
412 3664 587 3750 quadriennio
599 3608 679 3722 suisli
687 3706 696 3734 ,
715 3666 870 3743 Augustum
881 3665 1006 3725 triennio.
1045 3661 1121 3723 Citrn
1133 3677 1223 3722 autem
1237 3662 1285 3721 ille

268 3736 353 3795 fabius
366 3739 447 3798 suerit
459 3738 546 3809 Caesar
557 3758 629 3797 anno
647 3743 737 3801 cccii.¹
758 3742 883 3802 Kalendis
895 3743 974 3819 Maiis
986 3778 995 3808 ,
1016 3740 1178 3819 consequens
1188 3740 1240 3799 eil'e
1251 3752 1285 3797 ut
1390 3808 1391 3815 ἵ

269 3812 377 3877 Caesaris
394 3817 507 3875 nomine
517 3830 659 3877 contentus
670 3820 752 3878 fuerit
763 3818 889 3898 usquead
904 3838 1005 3879 annum
1026 3832 1161 3877 cccviii.
1181 3834 1284 3877 exeun-

269 3904 335 3954 tem.
361 3892 473 3975 Alioqui
489 3894 757 3985 quadriennioCaesar
768 3916 825 3959 non
836 3896 938 3965 fuisset,
956 3896 1002 3957 sed
1019 3896 1156 3963 trininio,
1175 3892 1284 3955 filici-

1219 3968 1391 4045 ian*
