<?xml version="1.0" encoding="UTF-8"?>
<!DOCTYPE html PUBLIC "-//W3C//DTD XHTML 1.0 Transitional//EN"
    "http://www.w3.org/TR/xhtml1/DTD/xhtml1-transitional.dtd">
<html xmlns="http://www.w3.org/1999/xhtml" xml:lang="en" lang="en">
 <head>
  <title>
</title>
<meta http-equiv="Content-Type" content="text/html;charset=utf-8" />
  <meta name='ocr-system' content='tesseract 3.04.00' />
  <meta name='ocr-capabilities' content='ocr_page ocr_carea ocr_par ocr_line ocrx_word'/>
</head>
<body>
  <div class='ocr_page' id='page_1' title='image "./luciicaeciliifi00galegoog_0627.png"; bbox 0 0 2942 4634; ppageno 0'>
   <div class='ocr_carea' id='block_1_1' title="bbox 344 282 1299 364">
    <p class='ocr_par' dir='ltr' id='par_1_1' title="bbox 344 282 1299 364">
     <span class='ocr_line' id='line_1_1' title="bbox 344 282 1299 364; baseline -0.016 -6"><span class='ocrx_word' id='word_1_1' title='bbox 344 286 519 359; x_wconf 76' lang='lat' dir='ltr'>Norn</span> <span class='ocrx_word' id='word_1_2' title='bbox 560 304 625 355; x_wconf 81' lang='lat' dir='ltr'>tir</span> <span class='ocrx_word' id='word_1_3' title='bbox 666 282 1084 353; x_wconf 78' lang='lat' dir='ltr'>Lnerarrrrunr.</span> <span class='ocrx_word' id='word_1_4' title='bbox 1168 284 1240 364; x_wconf 70' lang='lat'>281·</span> <span class='ocrx_word' id='word_1_5' title='bbox 1293 320 1299 343; x_wconf 77' lang='grc'><strong><em>,</em></strong></span> 
     </span>
    </p>
   </div>
   <div class='ocr_carea' id='block_1_2' title="bbox 152 399 1334 3949">
    <p class='ocr_par' dir='ltr' id='par_1_2' title="bbox 152 399 1239 953">
     <span class='ocr_line' id='line_1_2' title="bbox 207 399 1236 490; baseline -0.009 -21"><span class='ocrx_word' id='word_1_6' title='bbox 207 409 279 470; x_wconf 86' lang='lat' dir='ltr'>dunt</span> <span class='ocrx_word' id='word_1_7' title='bbox 289 410 367 469; x_wconf 88' lang='lat' dir='ltr'>uobis</span> <span class='ocrx_word' id='word_1_8' title='bbox 379 408 552 488; x_wconf 83' lang='lat' dir='ltr'>DempAerus</span> <span class='ocrx_word' id='word_1_9' title='bbox 564 408 592 465; x_wconf 73' lang='grc' dir='ltr'>δε</span> <span class='ocrx_word' id='word_1_10' title='bbox 603 406 718 465; x_wconf 79' lang='lat' dir='ltr'>Gallaeus</span> <span class='ocrx_word' id='word_1_11' title='bbox 731 445 740 471; x_wconf 89' lang='lat'>,</span> <span class='ocrx_word' id='word_1_12' title='bbox 760 401 796 474; x_wconf 76' lang='grc' dir='ltr'>ό·</span> <span class='ocrx_word' id='word_1_13' title='bbox 807 399 954 478; x_wconf 77' lang='lat' dir='ltr'>efferantur.</span> <span class='ocrx_word' id='word_1_14' title='bbox 995 403 1158 490; x_wconf 77' lang='lat' dir='ltr'>Ciceronem</span> <span class='ocrx_word' id='word_1_15' title='bbox 1170 403 1236 462; x_wconf 87' lang='lat' dir='ltr'>imi-</span> 
     </span>
     <span class='ocr_line' id='line_1_3' title="bbox 152 477 1239 562; baseline -0.01 -16"><span class='ocrx_word' id='word_1_16' title='bbox 152 510 158 519; x_wconf 86' lang='lat'><strong>·</strong></span> <span class='ocrx_word' id='word_1_17' title='bbox 212 501 286 547; x_wconf 83' lang='lat' dir='ltr'>tatur</span> <span class='ocrx_word' id='word_1_18' title='bbox 299 490 471 553; x_wconf 59' lang='lat' dir='ltr'>ladanum,</span> <span class='ocrx_word' id='word_1_19' title='bbox 491 499 522 543; x_wconf 90' lang='lat' dir='ltr'>ut</span> <span class='ocrx_word' id='word_1_20' title='bbox 535 484 695 562; x_wconf 72' lang='lat' dir='ltr'>plexumque</span> <span class='ocrx_word' id='word_1_21' title='bbox 708 482 779 540; x_wconf 83' lang='lat' dir='ltr'>alias.</span> <span class='ocrx_word' id='word_1_22' title='bbox 800 484 876 541; x_wconf 80' lang='lat' dir='ltr'>Orat.</span> <span class='ocrx_word' id='word_1_23' title='bbox 890 497 940 555; x_wconf 90' lang='lat' dir='ltr'>pro</span> <span class='ocrx_word' id='word_1_24' title='bbox 958 479 1074 542; x_wconf 84' lang='lat' dir='ltr'>Coelro,</span> <span class='ocrx_word' id='word_1_25' title='bbox 1095 496 1118 535; x_wconf 91' lang='lat' dir='ltr'>c.</span> <span class='ocrx_word' id='word_1_26' title='bbox 1133 499 1160 553; x_wconf 90' lang='lat'>9.</span> <span class='ocrx_word' id='word_1_27' title='bbox 1172 477 1239 556; x_wconf 76' lang='lat' dir='ltr'>Less</span> 
     </span>
     <span class='ocr_line' id='line_1_4' title="bbox 212 557 1239 642; baseline -0.009 -18"><span class='ocrx_word' id='word_1_28' title='bbox 212 565 310 625; x_wconf 69' lang='lat' dir='ltr'>dotem.</span> <span class='ocrx_word' id='word_1_29' title='bbox 330 568 394 624; x_wconf 78' lang='lat' dir='ltr'>irari</span> <span class='ocrx_word' id='word_1_30' title='bbox 406 562 554 642; x_wconf 77' lang='lat' dir='ltr'>efferuntur.</span> <span class='ocrx_word' id='word_1_31' title='bbox 593 563 696 619; x_wconf 86' lang='lat' dir='ltr'>Contra</span> <span class='ocrx_word' id='word_1_32' title='bbox 707 559 840 618; x_wconf 81' lang='lat' dir='ltr'><strong>Rullum,</strong></span> <span class='ocrx_word' id='word_1_33' title='bbox 859 576 883 614; x_wconf 91' lang='lat' dir='ltr'>c.</span> <span class='ocrx_word' id='word_1_34' title='bbox 899 578 941 635; x_wconf 83' lang='lat'>35.</span> <span class='ocrx_word' id='word_1_35' title='bbox 954 557 1006 613; x_wconf 77' lang='lat' dir='ltr'>Sed</span> <span class='ocrx_word' id='word_1_36' title='bbox 1020 571 1087 613; x_wconf 78' lang='lat' dir='ltr'>certo</span> <span class='ocrx_word' id='word_1_37' title='bbox 1099 575 1147 615; x_wconf 82' lang='lat' dir='ltr'>non</span> <span class='ocrx_word' id='word_1_38' title='bbox 1158 562 1239 615; x_wconf 73' lang='lat' dir='ltr'>umi-</span> 
     </span>
     <span class='ocr_line' id='line_1_5' title="bbox 213 634 1239 719; baseline -0.006 -20"><span class='ocrx_word' id='word_1_39' title='bbox 213 643 358 708; x_wconf 72' lang='lat' dir='ltr'>utuntur,</span> <span class='ocrx_word' id='word_1_40' title='bbox 375 642 564 719; x_wconf 79' lang='lat' dir='ltr'>progredientur</span> <span class='ocrx_word' id='word_1_41' title='bbox 577 638 691 714; x_wconf 79' lang='lat' dir='ltr'>longius,</span> <span class='ocrx_word' id='word_1_42' title='bbox 710 634 855 715; x_wconf 74' lang='lat' dir='ltr'>efferaretur.</span> <span class='ocrx_word' id='word_1_43' title='bbox 895 639 999 691; x_wconf 89' lang='lat' dir='ltr'>Verum</span> <span class='ocrx_word' id='word_1_44' title='bbox 1010 646 1043 691; x_wconf 88' lang='lat' dir='ltr'>ut</span> <span class='ocrx_word' id='word_1_45' title='bbox 1056 635 1089 692; x_wconf 90' lang='lat' dir='ltr'>ad</span> <span class='ocrx_word' id='word_1_46' title='bbox 1101 634 1239 709; x_wconf 64' lang='lat' dir='ltr'>presentia</span> 
     </span>
     <span class='ocr_line' id='line_1_6' title="bbox 213 708 1238 798; baseline -0.01 -21"><span class='ocrx_word' id='word_1_47' title='bbox 213 719 374 784; x_wconf 79' lang='lat' dir='ltr'>redeamus,</span> <span class='ocrx_word' id='word_1_48' title='bbox 398 720 546 776; x_wconf 65' lang='lat' dir='ltr'>remanare</span> <span class='ocrx_word' id='word_1_49' title='bbox 559 715 595 774; x_wconf 92' lang='lat' dir='ltr'>tic</span> <span class='ocrx_word' id='word_1_50' title='bbox 611 716 730 792; x_wconf 81' lang='lat' dir='ltr'>positum</span> <span class='ocrx_word' id='word_1_51' title='bbox 743 713 824 772; x_wconf 87' lang='lat' dir='ltr'>estut</span> <span class='ocrx_word' id='word_1_52' title='bbox 837 713 906 787; x_wconf 84' lang='lat' dir='ltr'>apud</span> <span class='ocrx_word' id='word_1_53' title='bbox 918 710 1102 798; x_wconf 77' lang='lat' dir='ltr'>Hegesippum</span> <span class='ocrx_word' id='word_1_54' title='bbox 1122 708 1238 789; x_wconf 68' lang='lat' dir='ltr'>efferam</span> 
     </span>
     <span class='ocr_line' id='line_1_7' title="bbox 213 787 1238 873; baseline -0.006 -22"><span class='ocrx_word' id='word_1_55' title='bbox 213 800 260 852; x_wconf 81' lang='lat' dir='ltr'>Ira</span> <span class='ocrx_word' id='word_1_56' title='bbox 273 792 447 871; x_wconf 77' lang='lat' dir='ltr'>efferaverat,</span> <span class='ocrx_word' id='word_1_57' title='bbox 469 796 579 873; x_wconf 91' lang='lat' dir='ltr'>inquit,</span> <span class='ocrx_word' id='word_1_58' title='bbox 598 796 710 852; x_wconf 63' lang='lat' dir='ltr'>Haedos</span> <span class='ocrx_word' id='word_1_59' title='bbox 722 793 751 849; x_wconf 81' lang='lat' dir='ltr'>in</span> <span class='ocrx_word' id='word_1_60' title='bbox 768 789 908 865; x_wconf 79' lang='lat' dir='ltr'>miversos.</span> <span class='ocrx_word' id='word_1_61' title='bbox 947 788 1016 845; x_wconf 79' lang='lat' dir='ltr'>Vide</span> <span class='ocrx_word' id='word_1_62' title='bbox 1027 790 1151 845; x_wconf 86' lang='lat' dir='ltr'>Gronov.</span> <span class='ocrx_word' id='word_1_63' title='bbox 1172 787 1238 847; x_wconf 79' lang='lat' dir='ltr'>Obs</span> 
     </span>
     <span class='ocr_line' id='line_1_8' title="bbox 214 866 1239 953; baseline -0.003 -26"><span class='ocrx_word' id='word_1_64' title='bbox 214 872 244 929; x_wconf 91' lang='lat' dir='ltr'>in</span> <span class='ocrx_word' id='word_1_65' title='bbox 258 872 327 929; x_wconf 84' lang='lat' dir='ltr'>Hist.</span> <span class='ocrx_word' id='word_1_66' title='bbox 344 872 415 931; x_wconf 86' lang='lat' dir='ltr'>Eccl.</span> <span class='ocrx_word' id='word_1_67' title='bbox 428 892 454 949; x_wconf 88' lang='lat' dir='ltr'>p.</span> <span class='ocrx_word' id='word_1_68' title='bbox 470 889 513 944; x_wconf 84' lang='lat'>7¹·</span> <span class='ocrx_word' id='word_1_69' title='bbox 534 871 577 929; x_wconf 90' lang='lat' dir='ltr'>Sic</span> <span class='ocrx_word' id='word_1_70' title='bbox 586 882 687 946; x_wconf 78' lang='lat' dir='ltr'>ponere,</span> <span class='ocrx_word' id='word_1_71' title='bbox 707 884 825 934; x_wconf 78' lang='lat' dir='ltr'>mutare,</span> <span class='ocrx_word' id='word_1_72' title='bbox 845 873 968 929; x_wconf 62' lang='lat' dir='ltr'>movere,</span> <span class='ocrx_word' id='word_1_73' title='bbox 985 866 1153 953; x_wconf 70' lang='lat' dir='ltr'>precipitare,</span> <span class='ocrx_word' id='word_1_74' title='bbox 1174 866 1239 924; x_wconf 88' lang='lat' dir='ltr'>alia·</span> 
     </span>
    </p>

    <p class='ocr_par' dir='ltr' id='par_1_3' title="bbox 214 940 1240 1181">
     <span class='ocr_line' id='line_1_9' title="bbox 235 940 1240 1021; baseline -0.003 -16"><span class='ocrx_word' id='word_1_75' title='bbox 235 967 270 1005; x_wconf 90' lang='lat' dir='ltr'>ue</span> <span class='ocrx_word' id='word_1_76' title='bbox 281 948 385 1013; x_wconf 91' lang='lat' dir='ltr'>multa,</span> <span class='ocrx_word' id='word_1_77' title='bbox 405 946 571 1007; x_wconf 65' lang='lat' dir='ltr'>intransitivi</span> <span class='ocrx_word' id='word_1_78' title='bbox 583 950 736 1011; x_wconf 86' lang='lat' dir='ltr'>interdum,</span> <span class='ocrx_word' id='word_1_79' title='bbox 756 956 803 1002; x_wconf 91' lang='lat' dir='ltr'>aut</span> <span class='ocrx_word' id='word_1_80' title='bbox 815 940 933 1021; x_wconf 73' lang='lat' dir='ltr'>ellipticd</span> <span class='ocrx_word' id='word_1_81' title='bbox 945 945 1053 1018; x_wconf 91' lang='lat' dir='ltr'>potius,</span> <span class='ocrx_word' id='word_1_82' title='bbox 1071 955 1108 999; x_wconf 81' lang='lat' dir='ltr'>tta</span> <span class='ocrx_word' id='word_1_83' title='bbox 1121 955 1153 998; x_wconf 89' lang='lat' dir='ltr'>ut</span> <span class='ocrx_word' id='word_1_84' title='bbox 1166 941 1199 1001; x_wconf 72' lang='grc' dir='ltr'>τὸ</span> <span class='ocrx_word' id='word_1_85' title='bbox 1211 942 1240 1002; x_wconf 89' lang='lat' dir='ltr'>se</span> 
     </span>
     <span class='ocr_line' id='line_1_10' title="bbox 214 966 1240 1100; baseline -0.003 -19"><span class='ocrx_word' id='word_1_86' title='bbox 214 966 428 1084; x_wconf 73' lang='lat' dir='ltr'>subaudiendum</span> <span class='ocrx_word' id='word_1_87' title='bbox 440 1025 482 1083; x_wconf 87' lang='lat' dir='ltr'>fit.</span> <span class='ocrx_word' id='word_1_88' title='bbox 520 1024 626 1082; x_wconf 86' lang='lat' dir='ltr'>Adeant</span> <span class='ocrx_word' id='word_1_89' title='bbox 638 1024 816 1083; x_wconf 82' lang='lat' dir='ltr'>adolescentes</span> <span class='ocrx_word' id='word_1_90' title='bbox 826 1022 938 1100; x_wconf 82' lang='lat' dir='ltr'>ingenui</span> <span class='ocrx_word' id='word_1_91' title='bbox 950 1020 1091 1085; x_wconf 85' lang='lat' dir='ltr'>Voslium,</span> <span class='ocrx_word' id='word_1_92' title='bbox 1111 1018 1158 1078; x_wconf 88' lang='lat' dir='ltr'>lib.</span> <span class='ocrx_word' id='word_1_93' title='bbox 1167 1020 1240 1096; x_wconf 58' lang='lat' dir='ltr'>3.‚de</span> 
     </span>
     <span class='ocr_line' id='line_1_11' title="bbox 215 1101 1158 1181; baseline 0.004 -24"><span class='ocrx_word' id='word_1_94' title='bbox 215 1101 366 1179; x_wconf 81' lang='lat' dir='ltr'>Analogid,</span> <span class='ocrx_word' id='word_1_95' title='bbox 386 1118 440 1181; x_wconf 75' lang='lat' dir='ltr'>erp.</span> <span class='ocrx_word' id='word_1_96' title='bbox 456 1120 481 1178; x_wconf 83' lang='lat'>3.</span> <span class='ocrx_word' id='word_1_97' title='bbox 1154 1138 1158 1145; x_wconf 75' lang='lat'><em>‹</em></span> 
     </span>
    </p>

    <p class='ocr_par' dir='ltr' id='par_1_4' title="bbox 549 1178 923 1238">
     <span class='ocr_line' id='line_1_12' title="bbox 549 1178 923 1238; baseline -0.008 0"><span class='ocrx_word' id='word_1_98' title='bbox 549 1181 562 1238; x_wconf 92' lang='lat'><em>1</em></span> <span class='ocrx_word' id='word_1_99' title='bbox 582 1200 601 1237; x_wconf 84' lang='lat' dir='ltr'>rr</span> <span class='ocrx_word' id='word_1_100' title='bbox 642 1181 668 1237; x_wconf 89' lang='lat' dir='ltr'>C</span> <span class='ocrx_word' id='word_1_101' title='bbox 680 1198 707 1236; x_wconf 68' lang='lat' dir='ltr'>A</span> <span class='ocrx_word' id='word_1_102' title='bbox 729 1198 755 1235; x_wconf 81' lang='lat' dir='ltr'>r.</span> <span class='ocrx_word' id='word_1_103' title='bbox 794 1183 820 1236; x_wconf 90' lang='lat' dir='ltr'>V</span> <span class='ocrx_word' id='word_1_104' title='bbox 838 1180 852 1236; x_wconf 91' lang='lat'><em>1</em></span> <span class='ocrx_word' id='word_1_105' title='bbox 870 1178 883 1235; x_wconf 94' lang='lat' dir='ltr'>I</span> <span class='ocrx_word' id='word_1_106' title='bbox 901 1180 923 1236; x_wconf 87' lang='lat'>1.</span> 
     </span>
    </p>

    <p class='ocr_par' dir='ltr' id='par_1_5' title="bbox 214 1254 1245 1568">
     <span class='ocr_line' id='line_1_13' title="bbox 255 1254 1241 1339; baseline 0.002 -26"><span class='ocrx_word' id='word_1_107' title='bbox 255 1262 349 1314; x_wconf 74' lang='lat' dir='ltr'>Frater</span> <span class='ocrx_word' id='word_1_108' title='bbox 360 1258 416 1339; x_wconf 53' lang='lat' dir='ltr'>Am</span> <span class='ocrx_word' id='word_1_109' title='bbox 427 1256 635 1329; x_wconf 74' lang='lat' dir='ltr'>Maximianus]</span> <span class='ocrx_word' id='word_1_110' title='bbox 659 1258 732 1312; x_wconf 86' lang='lat' dir='ltr'>Max·</span> <span class='ocrx_word' id='word_1_111' title='bbox 754 1255 897 1313; x_wconf 87' lang='lat' dir='ltr'>Herculius</span> <span class='ocrx_word' id='word_1_112' title='bbox 908 1254 990 1313; x_wconf 81' lang='lat' dir='ltr'>frater</span> <span class='ocrx_word' id='word_1_113' title='bbox 1003 1254 1056 1313; x_wconf 86' lang='lat' dir='ltr'>fuit</span> <span class='ocrx_word' id='word_1_114' title='bbox 1067 1254 1241 1321; x_wconf 83' lang='lat' dir='ltr'>Diocletiani.</span> 
     </span>
     <span class='ocr_line' id='line_1_14' title="bbox 216 1328 1245 1411; baseline 0.005 -24"><span class='ocrx_word' id='word_1_115' title='bbox 216 1350 275 1390; x_wconf 89' lang='lat' dir='ltr'>non</span> <span class='ocrx_word' id='word_1_116' title='bbox 287 1349 403 1400; x_wconf 81' lang='lat' dir='ltr'>naturae,</span> <span class='ocrx_word' id='word_1_117' title='bbox 423 1334 467 1393; x_wconf 93' lang='lat' dir='ltr'>sed</span> <span class='ocrx_word' id='word_1_118' title='bbox 480 1334 586 1411; x_wconf 90' lang='lat' dir='ltr'>imperii</span> <span class='ocrx_word' id='word_1_119' title='bbox 599 1330 751 1392; x_wconf 83' lang='lat' dir='ltr'>consortio.-</span> <span class='ocrx_word' id='word_1_120' title='bbox 770 1333 819 1411; x_wconf 91' lang='lat' dir='ltr'>qui</span> <span class='ocrx_word' id='word_1_121' title='bbox 832 1333 950 1391; x_wconf 88' lang='lat' dir='ltr'>nominis</span> <span class='ocrx_word' id='word_1_122' title='bbox 961 1335 1020 1408; x_wconf 84' lang='lat' dir='ltr'>ejus</span> <span class='ocrx_word' id='word_1_123' title='bbox 1036 1328 1098 1391; x_wconf 90' lang='lat' dir='ltr'>usus</span> <span class='ocrx_word' id='word_1_124' title='bbox 1118 1334 1245 1410; x_wconf 84' lang='lat' dir='ltr'>frequen·</span> 
     </span>
     <span class='ocr_line' id='line_1_15' title="bbox 217 1409 1245 1488; baseline 0.001 -23"><span class='ocrx_word' id='word_1_125' title='bbox 217 1418 288 1467; x_wconf 89' lang='lat' dir='ltr'>tatus</span> <span class='ocrx_word' id='word_1_126' title='bbox 309 1411 346 1469; x_wconf 87' lang='lat' dir='ltr'>est</span> <span class='ocrx_word' id='word_1_127' title='bbox 364 1412 540 1471; x_wconf 84' lang='lat' dir='ltr'>Historicis&amp;</span> <span class='ocrx_word' id='word_1_128' title='bbox 555 1409 729 1488; x_wconf 76' lang='lat' dir='ltr'>Panegyristis</span> <span class='ocrx_word' id='word_1_129' title='bbox 747 1410 819 1469; x_wconf 92' lang='lat' dir='ltr'>illius</span> <span class='ocrx_word' id='word_1_130' title='bbox 830 1411 889 1467; x_wconf 85' lang='lat' dir='ltr'>aeri.</span> <span class='ocrx_word' id='word_1_131' title='bbox 909 1411 1054 1469; x_wconf 86' lang='lat' dir='ltr'>Baluzium</span> <span class='ocrx_word' id='word_1_132' title='bbox 1065 1409 1134 1477; x_wconf 87' lang='lat' dir='ltr'>vise,</span> <span class='ocrx_word' id='word_1_133' title='bbox 1148 1423 1195 1471; x_wconf 89' lang='lat' dir='ltr'>aut</span> <span class='ocrx_word' id='word_1_134' title='bbox 1201 1410 1245 1487; x_wconf 84' lang='lat' dir='ltr'>ip-</span> 
     </span>
     <span class='ocr_line' id='line_1_16' title="bbox 214 1484 1023 1568; baseline 0.001 -25"><span class='ocrx_word' id='word_1_135' title='bbox 214 1484 276 1544; x_wconf 89' lang='lat' dir='ltr'>sum</span> <span class='ocrx_word' id='word_1_136' title='bbox 289 1489 393 1564; x_wconf 88' lang='lat' dir='ltr'>potius,</span> <span class='ocrx_word' id='word_1_137' title='bbox 413 1509 497 1568; x_wconf 90' lang='lat' dir='ltr'>quem</span> <span class='ocrx_word' id='word_1_138' title='bbox 512 1489 608 1567; x_wconf 88' lang='lat' dir='ltr'>allegat</span> <span class='ocrx_word' id='word_1_139' title='bbox 620 1487 832 1549; x_wconf 83' lang='lat' dir='ltr'>Mamertinum,</span> <span class='ocrx_word' id='word_1_140' title='bbox 853 1488 1023 1566; x_wconf 86' lang='lat' dir='ltr'>caeterosque.</span> 
     </span>
    </p>

    <p class='ocr_par' dir='ltr' id='par_1_6' title="bbox 215 1564 1334 2719">
     <span class='ocr_line' id='line_1_17' title="bbox 254 1564 1243 1645; baseline 0.004 -25"><span class='ocrx_word' id='word_1_141' title='bbox 254 1566 413 1641; x_wconf 62' lang='lat' dir='ltr'>Herculius]</span> <span class='ocrx_word' id='word_1_142' title='bbox 437 1568 545 1643; x_wconf 87' lang='lat' dir='ltr'>Nempe</span> <span class='ocrx_word' id='word_1_143' title='bbox 558 1578 589 1623; x_wconf 92' lang='lat' dir='ltr'>ut</span> <span class='ocrx_word' id='word_1_144' title='bbox 603 1564 787 1623; x_wconf 83' lang='lat' dir='ltr'>Diocletianus</span> <span class='ocrx_word' id='word_1_145' title='bbox 798 1568 913 1645; x_wconf 82' lang='lat' dir='ltr'>Jovem,</span> <span class='ocrx_word' id='word_1_146' title='bbox 934 1566 971 1623; x_wconf 91' lang='lat' dir='ltr'>ita</span> <span class='ocrx_word' id='word_1_147' title='bbox 984 1567 1165 1625; x_wconf 76' lang='lat' dir='ltr'>Maximianus</span> <span class='ocrx_word' id='word_1_148' title='bbox 1171 1571 1243 1626; x_wconf 87' lang='lat' dir='ltr'>Her-</span> 
     </span>
     <span class='ocr_line' id='line_1_18' title="bbox 215 1641 1244 1780; baseline 0.002 -82"><span class='ocrx_word' id='word_1_149' title='bbox 215 1642 308 1699; x_wconf 90' lang='lat' dir='ltr'>culem</span> <span class='ocrx_word' id='word_1_150' title='bbox 321 1647 389 1720; x_wconf 86' lang='lat' dir='ltr'>patri</span> <span class='ocrx_word' id='word_1_151' title='bbox 402 1662 485 1721; x_wconf 88' lang='lat' dir='ltr'>opem</span> <span class='ocrx_word' id='word_1_152' title='bbox 498 1656 591 1703; x_wconf 85' lang='lat' dir='ltr'>contra</span> <span class='ocrx_word' id='word_1_153' title='bbox 604 1642 693 1701; x_wconf 88' lang='lat' dir='ltr'>hostes</span> <span class='ocrx_word' id='word_1_154' title='bbox 704 1642 836 1701; x_wconf 86' lang='lat' dir='ltr'>ferentem</span> <span class='ocrx_word' id='word_1_155' title='bbox 852 1642 1008 1711; x_wconf 74' lang='lat' dir='ltr'>simulabat,</span> <span class='ocrx_word' id='word_1_156' title='bbox 1029 1641 1100 1700; x_wconf 89' lang='lat' dir='ltr'>unde</span> <span class='ocrx_word' id='word_1_157' title='bbox 1106 1645 1244 1780; x_wconf 38' lang='lat' dir='ltr'>&amp;dorio-</span> 
     </span>
     <span class='ocr_line' id='line_1_19' title="bbox 215 1720 1246 1802; baseline 0.004 -29"><span class='ocrx_word' id='word_1_158' title='bbox 215 1736 279 1777; x_wconf 87' lang='lat' dir='ltr'>rum</span> <span class='ocrx_word' id='word_1_159' title='bbox 295 1723 323 1779; x_wconf 69' lang='grc' dir='ltr'>ὃ(</span> <span class='ocrx_word' id='word_1_160' title='bbox 337 1722 529 1779; x_wconf 84' lang='lat' dir='ltr'>Herculiorum</span> <span class='ocrx_word' id='word_1_161' title='bbox 543 1721 791 1799; x_wconf 70' lang='lat' dir='ltr'>longiusprodudia</span> <span class='ocrx_word' id='word_1_162' title='bbox 809 1722 842 1780; x_wconf 87' lang='lat' dir='ltr'>ad</span> <span class='ocrx_word' id='word_1_163' title='bbox 859 1720 979 1798; x_wconf 87' lang='lat' dir='ltr'>posteros</span> <span class='ocrx_word' id='word_1_164' title='bbox 996 1722 1117 1779; x_wconf 86' lang='lat' dir='ltr'>nomina.</span> <span class='ocrx_word' id='word_1_165' title='bbox 1182 1720 1246 1802; x_wconf 88' lang='lat' dir='ltr'>qui-</span> 
     </span>
     <span class='ocr_line' id='line_1_20' title="bbox 215 1790 1248 1888; baseline 0.002 -38"><span class='ocrx_word' id='word_1_166' title='bbox 215 1790 266 1851; x_wconf 87' lang='lat' dir='ltr'>bus</span> <span class='ocrx_word' id='word_1_167' title='bbox 279 1796 323 1855; x_wconf 91' lang='lat' dir='ltr'>hic</span> <span class='ocrx_word' id='word_1_168' title='bbox 335 1796 448 1875; x_wconf 85' lang='lat' dir='ltr'>scriptor</span> <span class='ocrx_word' id='word_1_169' title='bbox 461 1798 530 1857; x_wconf 83' lang='lat' dir='ltr'>infra</span> <span class='ocrx_word' id='word_1_170' title='bbox 541 1812 668 1857; x_wconf 83' lang='lat' dir='ltr'>extremo</span> <span class='ocrx_word' id='word_1_171' title='bbox 679 1799 734 1857; x_wconf 89' lang='lat' dir='ltr'>hoc</span> <span class='ocrx_word' id='word_1_172' title='bbox 752 1798 829 1856; x_wconf 88' lang='lat' dir='ltr'>libro.</span> <span class='ocrx_word' id='word_1_173' title='bbox 844 1798 904 1888; x_wconf 31' lang='lat' dir='ltr'>‘Adi</span> <span class='ocrx_word' id='word_1_174' title='bbox 925 1799 1083 1887; x_wconf 63' lang='lat' dir='ltr'>Mamertini</span> <span class='ocrx_word' id='word_1_175' title='bbox 1103 1798 1248 1887; x_wconf 78' lang='lat' dir='ltr'>Panegyri-</span> 
     </span>
     <span class='ocr_line' id='line_1_21' title="bbox 217 1872 1260 2036; baseline 0.002 -31"><span class='ocrx_word' id='word_1_176' title='bbox 217 1888 299 2036; x_wconf 59' lang='lat' dir='ltr'>llil}</span> <span class='ocrx_word' id='word_1_177' title='bbox 311 1872 1260 2031; x_wconf 43' lang='lat' dir='ltr'>Misisti&amp;sititittniilrnmlltttrsrlr.</span> 
     </span>
     <span class='ocr_line' id='line_1_22' title="bbox 219 2026 1246 2111; baseline 0.005 -32"><span class='ocrx_word' id='word_1_178' title='bbox 219 2026 264 2080; x_wconf 83' lang='lat' dir='ltr'>Sic</span> <span class='ocrx_word' id='word_1_179' title='bbox 277 2027 444 2105; x_wconf 79' lang='lat' dir='ltr'>Antigonus.</span> <span class='ocrx_word' id='word_1_180' title='bbox 463 2032 499 2090; x_wconf 88' lang='lat' dir='ltr'>fic</span> <span class='ocrx_word' id='word_1_181' title='bbox 513 2052 583 2091; x_wconf 89' lang='lat' dir='ltr'>unus</span> <span class='ocrx_word' id='word_1_182' title='bbox 593 2035 681 2111; x_wconf 85' lang='lat' dir='ltr'>Grypi</span> <span class='ocrx_word' id='word_1_183' title='bbox 693 2031 816 2090; x_wconf 87' lang='lat' dir='ltr'>filiorum</span> <span class='ocrx_word' id='word_1_184' title='bbox 831 2031 1000 2091; x_wconf 81' lang='lat' dir='ltr'>Antiochus,</span> <span class='ocrx_word' id='word_1_185' title='bbox 1019 2029 1089 2085; x_wconf 89' lang='lat' dir='ltr'>item</span> <span class='ocrx_word' id='word_1_186' title='bbox 1096 2026 1246 2085; x_wconf 81' lang='lat' dir='ltr'>Mithrada-</span> 
     </span>
     <span class='ocr_line' id='line_1_23' title="bbox 218 2102 1249 2178; baseline 0.006 -22"><span class='ocrx_word' id='word_1_187' title='bbox 218 2108 272 2162; x_wconf 85' lang='lat' dir='ltr'>tes.</span> <span class='ocrx_word' id='word_1_188' title='bbox 293 2106 320 2159; x_wconf 74' lang='grc' dir='ltr'>δι</span> <span class='ocrx_word' id='word_1_189' title='bbox 332 2106 390 2176; x_wconf 89' lang='lat' dir='ltr'>post</span> <span class='ocrx_word' id='word_1_190' title='bbox 401 2125 446 2162; x_wconf 90' lang='lat' dir='ltr'>eos</span> <span class='ocrx_word' id='word_1_191' title='bbox 469 2114 507 2167; x_wconf 89' lang='lat' dir='ltr'>M.</span> <span class='ocrx_word' id='word_1_192' title='bbox 523 2112 680 2171; x_wconf 89' lang='lat' dir='ltr'>Antonius,</span> <span class='ocrx_word' id='word_1_193' title='bbox 706 2126 827 2164; x_wconf 92' lang='lat' dir='ltr'>necnon</span> <span class='ocrx_word' id='word_1_194' title='bbox 841 2110 868 2161; x_wconf 75' lang='lat' dir='ltr'>Aa</span> <span class='ocrx_word' id='word_1_195' title='bbox 883 2109 918 2160; x_wconf 88' lang='lat' dir='ltr'>C.</span> <span class='ocrx_word' id='word_1_196' title='bbox 933 2105 1080 2178; x_wconf 81' lang='lat' dir='ltr'>Caligula,</span> <span class='ocrx_word' id='word_1_197' title='bbox 1108 2102 1249 2162; x_wconf 81' lang='lat' dir='ltr'>Bacchum</span> 
     </span>
     <span class='ocr_line' id='line_1_24' title="bbox 218 2174 1247 2246; baseline 0.003 -14"><span class='ocrx_word' id='word_1_198' title='bbox 218 2174 319 2233; x_wconf 87' lang='lat' dir='ltr'>referre</span> <span class='ocrx_word' id='word_1_199' title='bbox 331 2178 481 2245; x_wconf 74' lang='lat' dir='ltr'>studebant,</span> <span class='ocrx_word' id='word_1_200' title='bbox 502 2186 666 2239; x_wconf 86' lang='lat' dir='ltr'>Menecrates</span> <span class='ocrx_word' id='word_1_201' title='bbox 679 2185 847 2237; x_wconf 82' lang='lat' dir='ltr'>Mercurium</span> <span class='ocrx_word' id='word_1_202' title='bbox 861 2206 870 2246; x_wconf 73' lang='grc' dir='ltr'>ς</span> <span class='ocrx_word' id='word_1_203' title='bbox 897 2178 1053 2243; x_wconf 83' lang='lat' dir='ltr'>Themiso,</span> <span class='ocrx_word' id='word_1_204' title='bbox 1080 2180 1247 2244; x_wconf 79' lang='lat' dir='ltr'>Alexander,</span> 
     </span>
     <span class='ocr_line' id='line_1_25' title="bbox 218 2252 1245 2329; baseline 0.002 -18"><span class='ocrx_word' id='word_1_205' title='bbox 218 2252 350 2329; x_wconf 81' lang='lat' dir='ltr'>Pyrrhus,</span> <span class='ocrx_word' id='word_1_206' title='bbox 371 2256 560 2320; x_wconf 90' lang='lat' dir='ltr'>Commodus,</span> <span class='ocrx_word' id='word_1_207' title='bbox 580 2260 609 2315; x_wconf 76' lang='lat' dir='ltr'>de</span> <span class='ocrx_word' id='word_1_208' title='bbox 622 2257 667 2313; x_wconf 89' lang='lat' dir='ltr'>hic</span> <span class='ocrx_word' id='word_1_209' title='bbox 681 2254 865 2312; x_wconf 83' lang='lat' dir='ltr'>Maximianus</span> <span class='ocrx_word' id='word_1_210' title='bbox 875 2253 1022 2310; x_wconf 85' lang='lat' dir='ltr'>Herculem</span> <span class='ocrx_word' id='word_1_211' title='bbox 1037 2279 1045 2319; x_wconf 88' lang='lat'>;</span> <span class='ocrx_word' id='word_1_212' title='bbox 1066 2256 1126 2312; x_wconf 90' lang='lat' dir='ltr'>imo</span> <span class='ocrx_word' id='word_1_213' title='bbox 1140 2259 1169 2314; x_wconf 74' lang='grc' dir='ltr'>δι</span> <span class='ocrx_word' id='word_1_214' title='bbox 1184 2260 1245 2313; x_wconf 89' lang='lat' dir='ltr'>Ma-</span> 
     </span>
     <span class='ocr_line' id='line_1_26' title="bbox 218 2330 1249 2410; baseline 0 -19"><span class='ocrx_word' id='word_1_215' title='bbox 218 2332 341 2391; x_wconf 86' lang='lat' dir='ltr'>ximinus</span> <span class='ocrx_word' id='word_1_216' title='bbox 353 2330 472 2410; x_wconf 86' lang='lat' dir='ltr'>superior</span> <span class='ocrx_word' id='word_1_217' title='bbox 493 2333 619 2393; x_wconf 87' lang='lat' dir='ltr'>eundem.</span> <span class='ocrx_word' id='word_1_218' title='bbox 662 2331 796 2408; x_wconf 86' lang='lat' dir='ltr'>Augustus</span> <span class='ocrx_word' id='word_1_219' title='bbox 815 2330 975 2407; x_wconf 75' lang='lat' dir='ltr'>Apollinem</span> <span class='ocrx_word' id='word_1_220' title='bbox 994 2331 1073 2409; x_wconf 87' lang='lat' dir='ltr'>egit,</span> <span class='ocrx_word' id='word_1_221' title='bbox 1099 2350 1156 2390; x_wconf 94' lang='lat' dir='ltr'>non</span> <span class='ocrx_word' id='word_1_222' title='bbox 1176 2332 1249 2391; x_wconf 83' lang='lat' dir='ltr'>refu·</span> 
     </span>
     <span class='ocr_line' id='line_1_27' title="bbox 216 2406 1334 2491; baseline 0.002 -25"><span class='ocrx_word' id='word_1_223' title='bbox 216 2410 294 2485; x_wconf 88' lang='lat' dir='ltr'>giens</span> <span class='ocrx_word' id='word_1_224' title='bbox 305 2421 398 2469; x_wconf 89' lang='lat' dir='ltr'>tamen</span> <span class='ocrx_word' id='word_1_225' title='bbox 429 2411 571 2489; x_wconf 85' lang='lat' dir='ltr'>nandoque</span> <span class='ocrx_word' id='word_1_226' title='bbox 588 2410 664 2491; x_wconf 86' lang='lat' dir='ltr'>Joris</span> <span class='ocrx_word' id='word_1_227' title='bbox 682 2428 806 2475; x_wconf 68' lang='lat' dir='ltr'>nomen,</span> <span class='ocrx_word' id='word_1_228' title='bbox 826 2408 862 2465; x_wconf 87' lang='lat' dir='ltr'>fic</span> <span class='ocrx_word' id='word_1_229' title='bbox 880 2418 954 2465; x_wconf 88' lang='lat' dir='ltr'>certe</span> <span class='ocrx_word' id='word_1_230' title='bbox 969 2406 1002 2463; x_wconf 87' lang='lat' dir='ltr'>ab</span> <span class='ocrx_word' id='word_1_231' title='bbox 1017 2409 1120 2467; x_wconf 84' lang='lat' dir='ltr'>Oridio</span> <span class='ocrx_word' id='word_1_232' title='bbox 1136 2409 1247 2488; x_wconf 87' lang='lat' dir='ltr'>aliisque</span> <span class='ocrx_word' id='word_1_233' title='bbox 1329 2446 1334 2454; x_wconf 45' lang='grc' dir='ltr'>ι</span> 
     </span>
     <span class='ocr_line' id='line_1_28' title="bbox 217 2430 1246 2567; baseline 0.005 -26"><span class='ocrx_word' id='word_1_234' title='bbox 217 2500 327 2546; x_wconf 86' lang='lat' dir='ltr'>vocatus</span> <span class='ocrx_word' id='word_1_235' title='bbox 338 2508 396 2547; x_wconf 93' lang='lat' dir='ltr'>non</span> <span class='ocrx_word' id='word_1_236' title='bbox 409 2430 505 2547; x_wconf 73' lang='lat' dir='ltr'>semel:</span> <span class='ocrx_word' id='word_1_237' title='bbox 526 2490 601 2567; x_wconf 89' lang='lat' dir='ltr'>quod</span> <span class='ocrx_word' id='word_1_238' title='bbox 615 2493 643 2549; x_wconf 75' lang='grc' dir='ltr'>δι</span> <span class='ocrx_word' id='word_1_239' title='bbox 657 2490 690 2547; x_wconf 88' lang='lat' dir='ltr'>de</span> <span class='ocrx_word' id='word_1_240' title='bbox 703 2485 805 2545; x_wconf 81' lang='lat' dir='ltr'>caeteris</span> <span class='ocrx_word' id='word_1_241' title='bbox 815 2485 886 2565; x_wconf 87' lang='lat' dir='ltr'>legas</span> <span class='ocrx_word' id='word_1_242' title='bbox 898 2484 1048 2561; x_wconf 83' lang='lat' dir='ltr'>aliquoties.</span> <span class='ocrx_word' id='word_1_243' title='bbox 1088 2487 1180 2565; x_wconf 81' lang='lat' dir='ltr'>Fusius</span> <span class='ocrx_word' id='word_1_244' title='bbox 1191 2488 1246 2547; x_wconf 89' lang='lat' dir='ltr'>hoc</span> 
     </span>
     <span class='ocr_line' id='line_1_29' title="bbox 218 2560 1248 2642; baseline 0.004 -23"><span class='ocrx_word' id='word_1_245' title='bbox 218 2562 390 2623; x_wconf 84' lang='lat' dir='ltr'>ostenderunt</span> <span class='ocrx_word' id='word_1_246' title='bbox 402 2567 520 2623; x_wconf 82' lang='lat' dir='ltr'>Andreas</span> <span class='ocrx_word' id='word_1_247' title='bbox 533 2566 660 2624; x_wconf 85' lang='lat' dir='ltr'>schottus</span> <span class='ocrx_word' id='word_1_248' title='bbox 673 2566 719 2623; x_wconf 88' lang='lat' dir='ltr'>lib.</span> <span class='ocrx_word' id='word_1_249' title='bbox 734 2583 758 2640; x_wconf 80' lang='lat'>3.</span> <span class='ocrx_word' id='word_1_250' title='bbox 771 2582 794 2624; x_wconf 90' lang='lat' dir='ltr'>e.</span> <span class='ocrx_word' id='word_1_251' title='bbox 810 2581 835 2639; x_wconf 87' lang='lat'>3·</span> <span class='ocrx_word' id='word_1_252' title='bbox 851 2562 908 2621; x_wconf 88' lang='lat' dir='ltr'>obs.</span> <span class='ocrx_word' id='word_1_253' title='bbox 929 2560 998 2620; x_wconf 84' lang='lat' dir='ltr'>Hist.</span> <span class='ocrx_word' id='word_1_254' title='bbox 1011 2562 1151 2623; x_wconf 80' lang='lat' dir='ltr'>&amp;illtdlris</span> <span class='ocrx_word' id='word_1_255' title='bbox 1162 2569 1248 2642; x_wconf 69' lang='lat' dir='ltr'>span,</span> 
     </span>
     <span class='ocr_line' id='line_1_30' title="bbox 217 2638 1189 2719; baseline 0.004 -23"><span class='ocrx_word' id='word_1_256' title='bbox 217 2638 327 2697; x_wconf 88' lang='lat' dir='ltr'>hemius</span> <span class='ocrx_word' id='word_1_257' title='bbox 340 2644 373 2698; x_wconf 88' lang='lat' dir='ltr'>de</span> <span class='ocrx_word' id='word_1_258' title='bbox 386 2642 470 2716; x_wconf 78' lang='lat' dir='ltr'>praest.</span> <span class='ocrx_word' id='word_1_259' title='bbox 484 2646 513 2699; x_wconf 79' lang='grc' dir='ltr'>δι</span> <span class='ocrx_word' id='word_1_260' title='bbox 527 2641 577 2698; x_wconf 92' lang='lat' dir='ltr'>usu</span> <span class='ocrx_word' id='word_1_261' title='bbox 590 2662 669 2701; x_wconf 90' lang='lat' dir='ltr'>num.</span> <span class='ocrx_word' id='word_1_262' title='bbox 681 2642 785 2719; x_wconf 87' lang='lat' dir='ltr'>aliquot</span> <span class='ocrx_word' id='word_1_263' title='bbox 798 2640 874 2699; x_wconf 87' lang='lat' dir='ltr'>locis.</span> <span class='ocrx_word' id='word_1_264' title='bbox 1178 2690 1189 2711; x_wconf 77' lang='grc'>,</span> 
     </span>
    </p>

    <p class='ocr_par' dir='ltr' id='par_1_7' title="bbox 162 2712 1246 3949">
     <span class='ocr_line' id='line_1_31' title="bbox 257 2712 1241 2799; baseline 0.006 -26"><span class='ocrx_word' id='word_1_265' title='bbox 257 2712 346 2797; x_wconf 72' lang='lat' dir='ltr'>‚de</span> <span class='ocrx_word' id='word_1_266' title='bbox 357 2720 480 2773; x_wconf 76' lang='lat' dir='ltr'>avaritia</span> <span class='ocrx_word' id='word_1_267' title='bbox 494 2720 586 2777; x_wconf 74' lang='lat' dir='ltr'>mimi</span> <span class='ocrx_word' id='word_1_268' title='bbox 597 2719 679 2777; x_wconf 79' lang='lat' dir='ltr'>altero</span> <span class='ocrx_word' id='word_1_269' title='bbox 684 2717 819 2796; x_wconf 72' lang='lat' dir='ltr'>salapiae,</span> <span class='ocrx_word' id='word_1_270' title='bbox 839 2717 936 2799; x_wconf 83' lang='lat' dir='ltr'>majori</span> <span class='ocrx_word' id='word_1_271' title='bbox 940 2738 1001 2776; x_wconf 81' lang='lat' dir='ltr'>vero</span> <span class='ocrx_word' id='word_1_272' title='bbox 1006 2721 1105 2785; x_wconf 78' lang='lat' dir='ltr'>minus,</span> <span class='ocrx_word' id='word_1_273' title='bbox 1124 2720 1241 2799; x_wconf 79' lang='lat' dir='ltr'>sedplue</span> 
     </span>
     <span class='ocr_line' id='line_1_32' title="bbox 216 2792 1238 2874; baseline 0.008 -26"><span class='ocrx_word' id='word_1_274' title='bbox 216 2792 386 2858; x_wconf 76' lang='lat' dir='ltr'>timiditatis,</span> <span class='ocrx_word' id='word_1_275' title='bbox 402 2793 462 2869; x_wconf 80' lang='lat' dir='ltr'>plus</span> <span class='ocrx_word' id='word_1_276' title='bbox 474 2816 535 2853; x_wconf 83' lang='lat' dir='ltr'>vero</span> <span class='ocrx_word' id='word_1_277' title='bbox 546 2798 642 2860; x_wconf 78' lang='lat' dir='ltr'>animi,</span> <span class='ocrx_word' id='word_1_278' title='bbox 663 2816 711 2853; x_wconf 83' lang='lat' dir='ltr'>non</span> <span class='ocrx_word' id='word_1_279' title='bbox 721 2799 760 2855; x_wconf 78' lang='lat' dir='ltr'>ad</span> <span class='ocrx_word' id='word_1_280' title='bbox 770 2794 994 2873; x_wconf 72' lang='lat' dir='ltr'>benefaciendum</span> <span class='ocrx_word' id='word_1_281' title='bbox 1006 2836 1014 2858; x_wconf 86' lang='lat'><strong>.</strong></span> <span class='ocrx_word' id='word_1_282' title='bbox 1028 2799 1078 2874; x_wconf 82' lang='lat' dir='ltr'>sni</span> <span class='ocrx_word' id='word_1_283' title='bbox 1091 2801 1127 2856; x_wconf 78' lang='lat' dir='ltr'>ad</span> <span class='ocrx_word' id='word_1_284' title='bbox 1138 2799 1238 2873; x_wconf 65' lang='lat' dir='ltr'>mala]</span> 
     </span>
     <span class='ocr_line' id='line_1_33' title="bbox 218 2868 1245 2950; baseline 0.009 -26"><span class='ocrx_word' id='word_1_285' title='bbox 218 2868 356 2949; x_wconf 75' lang='lat' dir='ltr'>Corrupto</span> <span class='ocrx_word' id='word_1_286' title='bbox 371 2870 428 2928; x_wconf 83' lang='lat' dir='ltr'>haec</span> <span class='ocrx_word' id='word_1_287' title='bbox 443 2872 621 2950; x_wconf 85' lang='lat' dir='ltr'>&amp;depravata</span> <span class='ocrx_word' id='word_1_288' title='bbox 638 2872 690 2932; x_wconf 82' lang='lat' dir='ltr'>eise</span> <span class='ocrx_word' id='word_1_289' title='bbox 709 2872 807 2933; x_wconf 83' lang='lat' dir='ltr'>fatetur</span> <span class='ocrx_word' id='word_1_290' title='bbox 825 2874 919 2932; x_wconf 90' lang='lat' dir='ltr'>clariss.</span> <span class='ocrx_word' id='word_1_291' title='bbox 941 2872 1087 2931; x_wconf 81' lang='lat' dir='ltr'>Baluzius:</span> <span class='ocrx_word' id='word_1_292' title='bbox 1106 2894 1156 2934; x_wconf 90' lang='lat' dir='ltr'>nec</span> <span class='ocrx_word' id='word_1_293' title='bbox 1169 2874 1245 2933; x_wconf 87' lang='lat' dir='ltr'>disli-</span> 
     </span>
     <span class='ocr_line' id='line_1_34' title="bbox 219 2946 1242 3026; baseline 0.006 -23"><span class='ocrx_word' id='word_1_294' title='bbox 219 2946 308 3006; x_wconf 87' lang='lat' dir='ltr'>mulat</span> <span class='ocrx_word' id='word_1_295' title='bbox 326 2948 512 3025; x_wconf 82' lang='lat' dir='ltr'>Amplissimus</span> <span class='ocrx_word' id='word_1_296' title='bbox 530 2956 557 3010; x_wconf 75' lang='grc' dir='ltr'>δι</span> <span class='ocrx_word' id='word_1_297' title='bbox 571 2952 751 3011; x_wconf 74' lang='lat' dir='ltr'>Domffimus</span> <span class='ocrx_word' id='word_1_298' title='bbox 768 2953 891 3026; x_wconf 84' lang='lat' dir='ltr'>Cuperus</span> <span class='ocrx_word' id='word_1_299' title='bbox 908 2950 1003 3008; x_wconf 90' lang='lat' dir='ltr'>locum</span> <span class='ocrx_word' id='word_1_300' title='bbox 1022 2950 1075 3008; x_wconf 81' lang='lat' dir='ltr'>eise</span> <span class='ocrx_word' id='word_1_301' title='bbox 1092 2951 1242 3011; x_wconf 87' lang='lat' dir='ltr'>difficilem.</span> 
     </span>
     <span class='ocr_line' id='line_1_35' title="bbox 219 3024 1244 3105; baseline 0.005 -23"><span class='ocrx_word' id='word_1_302' title='bbox 219 3024 345 3083; x_wconf 86' lang='lat' dir='ltr'>Tentabo</span> <span class='ocrx_word' id='word_1_303' title='bbox 357 3038 466 3092; x_wconf 87' lang='lat' dir='ltr'>tamen,</span> <span class='ocrx_word' id='word_1_304' title='bbox 484 3028 538 3105; x_wconf 79' lang='lat' dir='ltr'>qud</span> <span class='ocrx_word' id='word_1_305' title='bbox 550 3040 661 3105; x_wconf 84' lang='lat' dir='ltr'>potero;</span> <span class='ocrx_word' id='word_1_306' title='bbox 681 3028 809 3084; x_wconf 86' lang='lat' dir='ltr'>existimo</span> <span class='ocrx_word' id='word_1_307' title='bbox 820 3040 911 3085; x_wconf 90' lang='lat' dir='ltr'>autem</span> <span class='ocrx_word' id='word_1_308' title='bbox 925 3028 962 3086; x_wconf 79' lang='lat' dir='ltr'>sic</span> <span class='ocrx_word' id='word_1_309' title='bbox 974 3028 1047 3105; x_wconf 79' lang='lat' dir='ltr'>posse</span> <span class='ocrx_word' id='word_1_310' title='bbox 1058 3028 1170 3088; x_wconf 76' lang='lat' dir='ltr'>restitui.</span> <span class='ocrx_word' id='word_1_311' title='bbox 1189 3039 1244 3087; x_wconf 83' lang='lat' dir='ltr'>Hoc</span> 
     </span>
     <span class='ocr_line' id='line_1_36' title="bbox 209 3098 1245 3185; baseline 0.003 -26"><span class='ocrx_word' id='word_1_312' title='bbox 209 3100 299 3178; x_wconf 78' lang='lat' dir='ltr'>solum</span> <span class='ocrx_word' id='word_1_313' title='bbox 310 3098 483 3181; x_wconf 58' lang='lat' dir='ltr'>differebant.</span> <span class='ocrx_word' id='word_1_314' title='bbox 501 3107 568 3185; x_wconf 76' lang='lat' dir='ltr'>qaod</span> <span class='ocrx_word' id='word_1_315' title='bbox 580 3106 700 3164; x_wconf 78' lang='lat' dir='ltr'>avaritia</span> <span class='ocrx_word' id='word_1_316' title='bbox 712 3104 805 3185; x_wconf 77' lang='lat' dir='ltr'>majori</span> <span class='ocrx_word' id='word_1_317' title='bbox 822 3101 969 3182; x_wconf 74' lang='lat' dir='ltr'>altmfuit</span> <span class='ocrx_word' id='word_1_318' title='bbox 976 3106 1037 3183; x_wconf 75' lang='lat' dir='ltr'>plur</span> <span class='ocrx_word' id='word_1_319' title='bbox 1048 3145 1057 3171; x_wconf 91' lang='lat'>‚</span> <span class='ocrx_word' id='word_1_320' title='bbox 1070 3106 1120 3183; x_wconf 79' lang='lat' dir='ltr'>sed</span> <span class='ocrx_word' id='word_1_321' title='bbox 1138 3105 1174 3177; x_wconf 75' lang='grc' dir='ltr'>ό·</span> <span class='ocrx_word' id='word_1_322' title='bbox 1185 3106 1245 3185; x_wconf 78' lang='lat' dir='ltr'>plur</span> 
     </span>
     <span class='ocr_line' id='line_1_37' title="bbox 215 3181 1242 3263; baseline 0.005 -26"><span class='ocrx_word' id='word_1_323' title='bbox 215 3182 388 3239; x_wconf 65' lang='lat' dir='ltr'>einsidlensis.-</span> <span class='ocrx_word' id='word_1_324' title='bbox 407 3182 500 3239; x_wconf 78' lang='lat' dir='ltr'>minori</span> <span class='ocrx_word' id='word_1_325' title='bbox 511 3203 574 3240; x_wconf 81' lang='lat' dir='ltr'>vero</span> <span class='ocrx_word' id='word_1_326' title='bbox 584 3186 685 3252; x_wconf 74' lang='lat' dir='ltr'>minus,</span> <span class='ocrx_word' id='word_1_327' title='bbox 697 3182 756 3260; x_wconf 70' lang='lat' dir='ltr'>prm</span> <span class='ocrx_word' id='word_1_328' title='bbox 768 3198 829 3239; x_wconf 77' lang='lat' dir='ltr'>vero</span> <span class='ocrx_word' id='word_1_329' title='bbox 840 3181 923 3240; x_wconf 69' lang='lat' dir='ltr'>orins</span> <span class='ocrx_word' id='word_1_330' title='bbox 935 3222 944 3245; x_wconf 85' lang='lat'><em>‚</em></span> <span class='ocrx_word' id='word_1_331' title='bbox 965 3204 1014 3242; x_wconf 82' lang='lat' dir='ltr'>nm</span> <span class='ocrx_word' id='word_1_332' title='bbox 1025 3185 1061 3241; x_wconf 75' lang='lat' dir='ltr'>ad</span> <span class='ocrx_word' id='word_1_333' title='bbox 1073 3182 1242 3263; x_wconf 68' lang='lat' dir='ltr'>benefacies·</span> 
     </span>
     <span class='ocr_line' id='line_1_38' title="bbox 219 3258 1244 3339; baseline 0.005 -25"><span class='ocrx_word' id='word_1_334' title='bbox 219 3258 298 3320; x_wconf 77' lang='lat' dir='ltr'>dum,</span> <span class='ocrx_word' id='word_1_335' title='bbox 310 3260 362 3336; x_wconf 79' lang='lat' dir='ltr'>sed</span> <span class='ocrx_word' id='word_1_336' title='bbox 375 3260 412 3315; x_wconf 76' lang='lat' dir='ltr'>ad</span> <span class='ocrx_word' id='word_1_337' title='bbox 424 3258 501 3317; x_wconf 84' lang='lat' dir='ltr'>male.</span> <span class='ocrx_word' id='word_1_338' title='bbox 523 3260 724 3319; x_wconf 86' lang='lat' dir='ltr'>Diocletianum</span> <span class='ocrx_word' id='word_1_339' title='bbox 739 3258 870 3317; x_wconf 86' lang='lat' dir='ltr'>timidum</span> <span class='ocrx_word' id='word_1_340' title='bbox 878 3259 1060 3339; x_wconf 85' lang='lat' dir='ltr'>callidumque</span> <span class='ocrx_word' id='word_1_341' title='bbox 1066 3258 1156 3325; x_wconf 86' lang='lat' dir='ltr'>fuisse.</span> <span class='ocrx_word' id='word_1_342' title='bbox 1177 3280 1244 3320; x_wconf 89' lang='lat' dir='ltr'>eun-</span> 
     </span>
     <span class='ocr_line' id='line_1_39' title="bbox 220 3332 1246 3415; baseline 0.008 -26"><span class='ocrx_word' id='word_1_343' title='bbox 220 3332 282 3391; x_wconf 91' lang='lat' dir='ltr'>dem</span> <span class='ocrx_word' id='word_1_344' title='bbox 302 3355 336 3394; x_wconf 91' lang='lat' dir='ltr'>ue</span> <span class='ocrx_word' id='word_1_345' title='bbox 350 3354 475 3399; x_wconf 83' lang='lat' dir='ltr'>avarum,</span> <span class='ocrx_word' id='word_1_346' title='bbox 498 3339 510 3411; x_wconf 87' lang='lat'>(</span> <span class='ocrx_word' id='word_1_347' title='bbox 516 3340 544 3397; x_wconf 75' lang='grc' dir='ltr'>δι</span> <span class='ocrx_word' id='word_1_348' title='bbox 557 3336 595 3395; x_wconf 90' lang='lat' dir='ltr'>est</span> <span class='ocrx_word' id='word_1_349' title='bbox 606 3336 667 3397; x_wconf 86' lang='lat' dir='ltr'>sane</span> <span class='ocrx_word' id='word_1_350' title='bbox 679 3336 804 3397; x_wconf 87' lang='lat' dir='ltr'>timidior</span> <span class='ocrx_word' id='word_1_351' title='bbox 816 3337 864 3415; x_wconf 91' lang='lat' dir='ltr'>qui</span> <span class='ocrx_word' id='word_1_352' title='bbox 876 3356 932 3396; x_wconf 92' lang='lat' dir='ltr'>non</span> <span class='ocrx_word' id='word_1_353' title='bbox 946 3338 1048 3397; x_wconf 89' lang='lat' dir='ltr'>viribus</span> <span class='ocrx_word' id='word_1_354' title='bbox 1061 3375 1070 3397; x_wconf 82' lang='lat'>‚</span> <span class='ocrx_word' id='word_1_355' title='bbox 1090 3336 1133 3397; x_wconf 87' lang='lat' dir='ltr'>sed</span> <span class='ocrx_word' id='word_1_356' title='bbox 1145 3340 1246 3399; x_wconf 89' lang='lat' dir='ltr'>artibus</span> 
     </span>
     <span class='ocr_line' id='line_1_40' title="bbox 218 3352 1244 3499; baseline 0.01 -34"><span class='ocrx_word' id='word_1_357' title='bbox 218 3352 333 3499; x_wconf 55' lang='lat' dir='ltr'>dololis,</span> <span class='ocrx_word' id='word_1_358' title='bbox 349 3426 473 3490; x_wconf 73' lang='lat' dir='ltr'>pugnat,</span> <span class='ocrx_word' id='word_1_359' title='bbox 494 3413 654 3495; x_wconf 88' lang='lat' dir='ltr'>rursumque</span> <span class='ocrx_word' id='word_1_360' title='bbox 668 3417 784 3474; x_wconf 85' lang='lat' dir='ltr'>avaritiae</span> <span class='ocrx_word' id='word_1_361' title='bbox 801 3434 865 3472; x_wconf 90' lang='lat' dir='ltr'>cum</span> <span class='ocrx_word' id='word_1_362' title='bbox 887 3428 1004 3493; x_wconf 91' lang='lat' dir='ltr'>utroque</span> <span class='ocrx_word' id='word_1_363' title='bbox 1016 3413 1085 3472; x_wconf 82' lang='lat' dir='ltr'>vitio</span> <span class='ocrx_word' id='word_1_364' title='bbox 1105 3416 1173 3475; x_wconf 90' lang='lat' dir='ltr'>solet</span> <span class='ocrx_word' id='word_1_365' title='bbox 1192 3416 1244 3475; x_wconf 68' lang='lat' dir='ltr'>etk</span> 
     </span>
     <span class='ocr_line' id='line_1_41' title="bbox 162 3490 1243 3580; baseline 0.007 -38"><span class='ocrx_word' id='word_1_366' title='bbox 162 3514 165 3523; x_wconf 92' lang='lat'><em>·</em></span> <span class='ocrx_word' id='word_1_367' title='bbox 219 3491 424 3574; x_wconf 81' lang='lat' dir='ltr'>cpnvenrentia)</span> <span class='ocrx_word' id='word_1_368' title='bbox 446 3491 544 3580; x_wconf 74' lang='lat' dir='ltr'>talem.</span> <span class='ocrx_word' id='word_1_369' title='bbox 566 3493 693 3571; x_wconf 89' lang='lat' dir='ltr'>inquam,</span> <span class='ocrx_word' id='word_1_370' title='bbox 713 3490 913 3553; x_wconf 88' lang='lat' dir='ltr'>Diocletianum</span> <span class='ocrx_word' id='word_1_371' title='bbox 928 3492 1005 3551; x_wconf 85' lang='lat' dir='ltr'>fuisse</span> <span class='ocrx_word' id='word_1_372' title='bbox 1017 3509 1123 3559; x_wconf 77' lang='lat' dir='ltr'>narrant</span> <span class='ocrx_word' id='word_1_373' title='bbox 1135 3495 1243 3553; x_wconf 84' lang='lat' dir='ltr'>histori-</span> 
     </span>
     <span class='ocr_line' id='line_1_42' title="bbox 217 3562 1245 3727; baseline 0.01 -32"><span class='ocrx_word' id='word_1_374' title='bbox 217 3562 1245 3727; x_wconf 53' lang='lat' dir='ltr'>ttrsr·„it¹rilttstii‘nhhllrlqhhhrriitti</span> 
     </span>
     <span class='ocr_line' id='line_1_43' title="bbox 212 3714 1244 3804; baseline 0.008 -29"><span class='ocrx_word' id='word_1_375' title='bbox 212 3714 281 3775; x_wconf 89' lang='lat' dir='ltr'>sum</span> <span class='ocrx_word' id='word_1_376' title='bbox 294 3718 347 3776; x_wconf 90' lang='lat' dir='ltr'>dici</span> <span class='ocrx_word' id='word_1_377' title='bbox 359 3736 484 3786; x_wconf 88' lang='lat' dir='ltr'>avarum,</span> <span class='ocrx_word' id='word_1_378' title='bbox 504 3720 567 3781; x_wconf 90' lang='lat' dir='ltr'>licet</span> <span class='ocrx_word' id='word_1_379' title='bbox 579 3724 663 3787; x_wconf 85' lang='lat' dir='ltr'>altero</span> <span class='ocrx_word' id='word_1_380' title='bbox 675 3728 774 3783; x_wconf 88' lang='lat' dir='ltr'>minus.</span> <span class='ocrx_word' id='word_1_381' title='bbox 819 3726 883 3797; x_wconf 78' lang='lat' dir='ltr'>Eius</span> <span class='ocrx_word' id='word_1_382' title='bbox 894 3744 993 3802; x_wconf 88' lang='lat' dir='ltr'>nempe</span> <span class='ocrx_word' id='word_1_383' title='bbox 1000 3730 1104 3804; x_wconf 85' lang='lat' dir='ltr'>getieris</span> <span class='ocrx_word' id='word_1_384' title='bbox 1117 3726 1244 3783; x_wconf 87' lang='lat' dir='ltr'>homines</span> 
     </span>
     <span class='ocr_line' id='line_1_44' title="bbox 218 3796 1246 3880; baseline 0.005 -26"><span class='ocrx_word' id='word_1_385' title='bbox 218 3796 439 3873; x_wconf 57' lang='lat' dir='ltr'>repressaque,</span> <span class='ocrx_word' id='word_1_386' title='bbox 450 3798 544 3877; x_wconf 64' lang='lat' dir='ltr'>sparsa</span> <span class='ocrx_word' id='word_1_387' title='bbox 556 3806 643 3877; x_wconf 79' lang='lat' dir='ltr'>rapaci</span> <span class='ocrx_word' id='word_1_388' title='bbox 660 3800 784 3860; x_wconf 65' lang='lat' dir='ltr'>avaritias</span> <span class='ocrx_word' id='word_1_389' title='bbox 802 3806 941 3880; x_wconf 78' lang='lat' dir='ltr'>rearigm</span> <span class='ocrx_word' id='word_1_390' title='bbox 960 3816 1079 3866; x_wconf 75' lang='lat' dir='ltr'>emant,</span> <span class='ocrx_word' id='word_1_391' title='bbox 1101 3816 1134 3863; x_wconf 90' lang='lat' dir='ltr'>ut</span> <span class='ocrx_word' id='word_1_392' title='bbox 1146 3804 1183 3860; x_wconf 85' lang='lat' dir='ltr'>ait</span> <span class='ocrx_word' id='word_1_393' title='bbox 1196 3806 1246 3860; x_wconf 87' lang='lat' dir='ltr'>Se·</span> 
     </span>
     <span class='ocr_line' id='line_1_45' title="bbox 218 3872 805 3949; baseline 0.014 -19"><span class='ocrx_word' id='word_1_394' title='bbox 218 3890 301 3942; x_wconf 74' lang='lat' dir='ltr'>neca,</span> <span class='ocrx_word' id='word_1_395' title='bbox 319 3872 337 3931; x_wconf 90' lang='lat' dir='ltr'>l.</span> <span class='ocrx_word' id='word_1_396' title='bbox 356 3893 379 3931; x_wconf 87' lang='lat' dir='ltr'>r.</span> <span class='ocrx_word' id='word_1_397' title='bbox 394 3874 427 3935; x_wconf 83' lang='lat' dir='ltr'>de</span> <span class='ocrx_word' id='word_1_398' title='bbox 440 3876 527 3937; x_wconf 84' lang='lat' dir='ltr'>benef.</span> <span class='ocrx_word' id='word_1_399' title='bbox 541 3878 611 3949; x_wconf 82' lang='lat' dir='ltr'>sne,</span> <span class='ocrx_word' id='word_1_400' title='bbox 630 3894 662 3943; x_wconf 90' lang='lat' dir='ltr'>ut</span> <span class='ocrx_word' id='word_1_401' title='bbox 676 3881 805 3947; x_wconf 83' lang='lat' dir='ltr'>Ovidius,</span> 
     </span>
    </p>
   </div>
   <div class='ocr_carea' id='block_1_3' title="bbox 812 3955 1249 4043">
    <p class='ocr_par' dir='ltr' id='par_1_8' title="bbox 812 3955 1249 4043">
     <span class='ocr_line' id='line_1_46' title="bbox 812 3955 1249 4043; baseline -0.007 -26"><span class='ocrx_word' id='word_1_402' title='bbox 812 3960 893 4036; x_wconf 84' lang='lat' dir='ltr'>8s5</span> <span class='ocrx_word' id='word_1_403' title='bbox 1159 3955 1249 4043; x_wconf 61' lang='lat' dir='ltr'>Qe-</span> 
     </span>
    </p>
   </div>
   <div class='ocr_carea' id='block_1_4' title="bbox 0 0 1478 4634">
    <p class='ocr_par' dir='ltr' id='par_1_9' title="bbox 0 0 1478 4634">
     <span class='ocr_line' id='line_1_47' title="bbox 0 0 1478 4634; baseline 0 0"><span class='ocrx_word' id='word_1_404' title='bbox 0 0 1478 4634; x_wconf 95' lang='lat' dir='ltr'> </span> 
     </span>
    </p>
   </div>
  </div>
 </body>
</html>
