2942 4634
355 292 527 369 Norrb
578 314 634 365 ru
688 290 1109 363 Locrsurruni
1194 314 1257 382 291

172 441 173 445 ,
260 412 356 470 torvos
368 409 658 491 advorfhriumoicissi]
681 406 797 467 Tertull.
816 407 934 487 Apolog.
948 428 974 466 c.
982 426 1031 479 27,
1052 411 1148 468 Erillor
1170 408 1254 484 (Dae.

221 488 333 560 mones)
353 508 488 566 numnam
500 491 584 562 magis
596 488 803 563 triumphamus.
825 502 971 560 quamtum
980 483 1096 560 prrfidei
1108 486 1253 563 obstinatio-

220 584 253 622 ne
263 568 429 624 damnamur.
468 566 573 625 Similia
584 574 731 624 occurrunt
744 562 814 639 apud
834 562 1026 639 cyprianum.
1049 562 1246 633 Ambrosium,

220 642 413 711 Prudentium3
434 642 501 701 item
515 640 762 719 inMartyrologiis.
1029 718 1036 731 .
1164 720 1170 733 Ι

215 716 1247 874 ,nunsts2s.mtt.,.t.rttt.tr

216 891 298 951 quam
311 890 436 946 magnum
450 881 461 931 i
479 891 559 949 quam
573 874 627 930 Dei
640 872 718 930 oculo
732 880 936 930 Sacramentoac
948 872 1080 929 devotione
1089 874 1182 930 militie
1192 875 1249 955 ojus

215 948 928 1101 ntnnbbdntnr¹.ttsttts³ntt
961 950 1247 1086 wrm.

215 1120 243 1159 ce
255 1101 430 1181 spenacolom
441 1105 564 1179 dignum.
583 1106 621 1161 od
634 1105 701 1181 quod
712 1103 831 1181 respiciat
843 1105 957 1163 intentat
968 1106 1034 1179 operi
1038 1104 1089 1180 suo
1095 1113 1248 1163 Drmzecca

212 1189 264 1255 por
277 1188 333 1239 Deo
345 1183 467 1255 dr'gnrom,
487 1185 531 1239 vir
536 1178 615 1256 fortio
628 1200 687 1237 cum
699 1178 776 1239 maid
782 1178 896 1256 forrum
906 1176 1061 1258 composttuo.

258 1262 329 1313 Cum
341 1260 522 1317 Dominotores
534 1258 721 1331 dominamur]
750 1260 835 1334 Cypr.
848 1260 897 1335 Ep.
911 1262 929 1316 6
942 1298 951 1323 ,
975 1267 1054 1316 Nunc
1073 1257 1150 1335 estut
1162 1260 1248 1333 magio

218 1327 383 1406 insidiantem
395 1334 580 1411 adversarium
593 1350 728 1398 metuant,
748 1338 794 1411 qui
799 1333 933 1411 fortiorem
952 1355 1078 1415 quomque
1098 1339 1183 1410 magio
1197 1356 1247 1409 ag-

198 1486 201 1489 ·
213 1412 348 1483 proditur.
371 1409 406 1481 ά·
419 1416 502 1468 aerior
509 1409 601 1488 satim
613 1411 658 1469 hoc
668 1414 719 1487 ipfio
730 1413 798 1488 qood
816 1413 901 1469 omos
919 1410 953 1486 ost
972 1453 980 1479 ,
993 1414 1159 1488 soporantem
1167 1414 1246 1494 supe-

216 1492 277 1544 rare
288 1502 402 1545 mossur.
443 1490 478 1546 Et
490 1489 571 1565 Epist.
586 1504 628 1563 34.
641 1488 675 1547 de
682 1489 811 1545 Celerino
818 1491 951 1565 Martyre,
970 1489 1068 1566 Jacur't
1081 1493 1147 1546 inter
1156 1501 1246 1565 poenas

213 1565 296 1638 Μία
306 1566 365 1641 suis
377 1562 494 1641 fortior,
513 1568 627 1645 inclusus
642 1565 831 1625 includentibus
842 1569 941 1656 mayor,
954 1568 1046 1647 jacens
1052 1564 1182 1641 stantibus
1195 1566 1247 1648 cei-

210 1635 281 1713 fior,
299 1642 472 1701 vincientibus
477 1640 580 1715 firmior
591 1644 710 1706 mosim,
720 1643 858 1721 sublimior
860 1643 1046 1726 juditamibus
1050 1645 1200 1725 judicatur.

146 1736 148 1739 ·
257 1720 320 1775 Fide
325 1717 417 1794 stabili
459 1718 582 1796 Suspicor
602 1722 697 1777 leviter
715 1720 841 1779 excidisse
852 1738 950 1779 vocem
968 1738 1051 1776 utram
1066 1746 1075 1791 5
1096 1732 1128 1777 ut
1146 1717 1246 1782 inerit.

211 1789 268 1865 fide
273 1794 385 1868 stabili,
453 1799 548 1853 invido
560 1797 643 1855 robore
660 1801 752 1856 animi.

255 1871 331 1929 Nihil
344 1874 457 1948 ungule]
481 1875 606 1953 Ungulae,
620 1892 706 1953 genus
719 1878 857 1955 quoddam
863 1875 955 1935 ferreae
964 1874 1089 1949 forcipis.
1109 1873 1179 1927 inter
1188 1882 1250 1926 tor-

217 1960 312 2005 menta
325 1950 450 2009 adhibitae
462 1949 540 2009 olim.
580 1954 708 2011 Formam
724 1956 786 2012 vide
799 1957 868 2031 apud
880 1953 1059 2013 Galloniums
1081 1962 1127 2005 aut
1135 1948 1203 2004 inter
1215 1964 1247 2002 ea

218 2039 278 2098 quae
296 2022 471 2101 subjiciuntur
482 2028 553 2087 libro
565 2031 651 2107 Magii
663 2030 697 2088 de
707 2033 825 2108 equuleo
836 2049 897 2109 pag.
918 2034 977 2101 ¹7⁶·
994 2031 1022 2087 δι
1039 2027 1097 2084 181·

533 2110 546 2163 1
566 2126 585 2162 u
626 2109 651 2161 C
673 2126 691 2160 n
714 2126 739 2161 r.
779 2110 808 2163 X
827 2113 853 2162 V
872 2112 885 2161 l
904 2110 926 2161 1.

257 2174 434 2235 Virmnoiium
444 2180 534 2250 diem]
558 2180 720 2233 Solennium
731 2193 887 2240 votorum,
905 2175 1149 2255 quinquennalium
1167 2180 1247 2235 nemss

207 2268 274 2328 pe,
293 2248 495 2313 decennnium,
516 2256 544 2310 &
557 2252 695 2327 deinceps,
715 2270 777 2327 quae
791 2254 872 2328 origo
884 2271 999 2329 quaque
1015 2254 1084 2309 ratio
1096 2253 1194 2319 suerit,
1213 2255 1249 2311 li·

217 2342 261 2387 cet
273 2332 402 2389 traditum
417 2331 449 2387 fit
462 2329 478 2389 ir
490 2327 576 2387 donis
589 2370 597 2393 ,
618 2339 738 2403 repetam
750 2329 867 2386 breviter
887 2342 980 2406 tamen
993 2369 1001 2394 ,
1021 2332 1050 2387 in
1062 2332 1176 2409 gratiam
1198 2349 1248 2387 eo-

214 2422 279 2464 rum
291 2406 388 2485 quibus
401 2407 455 2466 hoc
466 2426 551 2487 genus
565 2404 699 2494 librorunt
712 2423 769 2462 non
782 2406 819 2463 ita
830 2404 907 2465 facile
919 2405 971 2464 asse
990 2410 1077 2485 potest
1095 2409 1127 2465 ad
1140 2426 1247 2497 nonnus.
1291 2493 1298 2501 ι

214 2483 1247 2649 {obtunsusturtunensisnostrus

214 2638 284 2695 dinis
296 2638 429 2696 diuturne
435 2636 559 2713 curisque
570 2656 600 2695 ac
607 2636 742 2696 labortbus
748 2640 855 2715 imperii
864 2640 963 2698 stadius
969 2641 1003 2697 de
1010 2640 1144 2698 reddenda
1149 2641 1246 2717 Repu-

214 2711 283 2771 blica
290 2711 357 2770 serio
372 2715 517 2792 cogitaret,
525 2714 615 2847 (quod
622 2713 755 2773 offirmare
762 2717 867 2775 videtur
874 2719 1016 2776 Suetonius
1027 2718 1056 2774 in
1068 2719 1139 2796 Aug.
1145 2736 1170 2775 c.
1181 2718 1244 2788 28.)

214 2788 270 2847 five
284 2788 339 2848 boc
352 2802 525 2867 tantumprae
547 2810 563 2849 e
574 2790 656 2850 ferret
669 2793 707 2849 ob
718 2792 805 2852 causas
818 2791 834 2851 i
846 2796 938 2853 Dione
950 2796 1083 2871 prolixius
1093 2794 1243 2869 expositas,

213 2879 366 2925 convocato
379 2870 491 2932 Senatu,
511 2870 644 2927 rationem
657 2869 834 2929 administrati
846 2873 954 2947 imperii
966 2873 1002 2930 fic
1014 2871 1145 2934 reddidit,
1164 2881 1196 2925 ut
1202 2881 1243 2926 ta-
1269 2886 1273 2892 ’

212 2962 293 3006 men,
314 2943 388 3023 qunsr
399 2944 556 3003 decernente
568 2947 687 3011 eodem,
707 2948 736 3003 in
746 2948 909 3023 proximum
927 2947 1145 3023 quinquennium
1164 2956 1254 3019 pote·.

211 3020 306 3078 statem
321 3022 513 3079 constituendos
527 3026 592 3095 reip.
605 3024 740 3078 retineret.
760 3028 864 3079 Verum
877 3024 931 3078 hoc
942 3022 1047 3098 elapso,
1067 3021 1155 3080 rursus
1167 3022 1240 3079 aliud

191 3146 194 3153 .
211 3098 449 3176 quinquennium,
468 3095 527 3173 pbst
539 3097 721 3163 decennium,
743 3116 773 3155 ac
784 3116 818 3156 eo
830 3098 931 3163 finito,
951 3098 1023 3157 aliud
1037 3099 1135 3158 iterum
1149 3099 1241 3158 decre-

212 3187 275 3231 tum
288 3176 341 3245 est;
362 3179 400 3235 ita
414 3188 446 3233 ut
459 3175 623 3233 continuatis
634 3173 770 3233 decenniis
781 3194 828 3251 per
840 3173 1023 3235 totanivitam
1032 3216 1041 3241 ,
1049 3175 1155 3252 imperii
1161 3176 1238 3235 sum-

211 3268 290 3310 mam
302 3254 459 3327 obtinuerit.
499 3253 584 3328 Cujus
601 3250 763 3329 exemplum
781 3253 988 3331 quodammodo
1007 3254 1089 3312 secuti
1109 3252 1239 3315 streceffo-

212 3347 269 3393 ros,
288 3332 337 3390 etsi
349 3350 405 3391 non
420 3332 452 3389 ad
465 3342 571 3389 certum
583 3342 710 3406 tempus,
729 3329 774 3389 sed
785 3348 831 3406 per
843 3349 927 3389 omne
940 3332 1003 3390 vitae
1021 3330 1136 3407 spatium
1149 3333 1237 3410 impe-

210 3405 285 3462 rium
299 3409 417 3467 delatum
432 3408 479 3467 fibi
490 3407 634 3469 haberent,
651 3410 689 3467 sm
711 3406 760 3465 ulis
771 3420 866 3466 tamen
876 3409 1010 3467 deeenniis
1020 3408 1118 3466 festum
1131 3428 1182 3486 pro
1195 3430 1238 3468 re-

213 3484 359 3553 novatione
370 3486 427 3560 ejus
439 3485 560 3563 agebant.
601 3488 666 3542 Hoec
690 3480 734 3541 etit
747 3486 805 3541 Dio
816 3488 854 3542 ita
867 3485 963 3552 refert,
982 3486 1027 3544 lib.
1042 3503 1093 3562 53,
1115 3490 1143 3546 bt
1154 3507 1189 3545 ex
1202 3506 1237 3544 en

212 3561 380 3618 recentiores.
419 3564 450 3621 Id
463 3564 554 3637 primo
565 3562 671 3641 gestum
684 3562 808 3641 Augusto
822 3562 968 3638 septimum
977 3603 986 3629 ,
994 3568 1111 3645 Agrippa
1123 3574 1236 3629 tertium

213 3636 385 3695 Consulibus.
425 3644 457 3697 Se
478 3652 568 3697 nentes
582 3640 666 3716 igitur
681 3640 794 3719 Augusti
809 3640 918 3719 singuiis
925 3644 1058 3703 decenniis
1069 3648 1237 3708 celebrarunt

211 3713 260 3771 11²⁵
280 3724 434 3794 mernyripere,
453 3735 472 3773 0
504 3718 531 3775 id
547 3730 716 3797 mnesrrpidas
732 3718 814 3775 distas
825 3719 984 3795 XiphilinO»
1003 3723 1099 3799 quibus
1112 3736 1174 3783 vota
1187 3728 1237 3783 diis

97 3798 112 3810 '
209 3788 398 3856 solvebantur,
420 3794 499 3851 initio
511 3794 639 3873 cujusque
651 3796 774 3855 decennii
787 3796 941 3853 solemniter
953 3798 1127 3873 postmodum
1142 3800 1237 3879 suscipi

207 3868 350 3960 eonsuetat
369 3870 502 3933 militibus
514 3871 688 3941 donativum,
709 3876 858 4010 &antinoon
869 3867 1112 3953 populoGitcenses
1125 3875 1240 4013 exhkibe·

790 3965 804 4011 t
825 3970 840 4007 a
1193 3974 1240 4016 an·
