2942 4634
402 281 451 377 D
486 284 522 378 E
557 283 605 378 D
640 283 664 377 Ι
697 283 743 378 C
780 277 826 378 Α
861 281 908 384 T
942 288 964 382 I
999 288 1063 381 O.

201 427 444 569 'rlrmeflr'con
519 430 605 540 Vel
646 443 736 536 mei
772 444 903 536 unius
938 448 1076 578 gratia
1101 434 1253 580 quid,

202 611 309 676 cunr
323 573 468 676 adhuc
479 583 595 676 intra
608 573 796 713 patriam
809 573 1040 716 degerem,
1063 614 1157 679 non
1170 597 1253 680 co·

201 725 297 814 nati
320 717 443 814 estis?
482 733 536 830 ot,
553 714 663 858 quid
689 712 889 832 rursum,
927 722 1166 861 postquam
1189 716 1253 819 se·

201 850 291 954 mel
312 849 454 975 evafi,
492 891 585 954 non
602 859 840 993 perrexistis
852 850 1015 957 facere?
1051 867 1252 958 Primum

199 1029 361 1132 nempe
379 991 558 1131 prolixa
594 999 741 1101 vestra
769 1031 870 1135 erga
903 1033 978 1097 me
1011 993 1252 1097 voluntatis
1300 1037 1305 1044 ·

198 1167 513 1272 argumentum
536 1139 598 1238 est
610 1205 627 1254 ,
663 1132 792 1277 quod
817 1137 1008 1237 tristibus
1029 1131 1113 1236 illis
1136 1171 1251 1238 tern-

197 1274 407 1412 poribus,
443 1274 603 1418 quibus
615 1307 714 1374 ante
730 1282 993 1377 octennium
1014 1273 1254 1382 Reforma-

198 1445 245 1512 ta
270 1410 443 1554 Religio
468 1408 717 1554 gravissime
744 1415 976 1516 vexabatur
998 1424 1045 1515 in
1072 1412 1216 1516 Gallia
1230 1484 1248 1534 ,

195 1587 262 1651 res
276 1549 765 1657 measExcellentillrmo
789 1551 1135 1656 Celsrllrnrorum
1152 1567 1259 1656 For-¹

161 1789 166 1802 x
194 1688 332 1792 <letati
360 1688 494 1834 Belgii
520 1691 755 1795 Ordinunr
792 1692 893 1796 illuc
913 1691 1000 1795 loci
1038 1704 1203 1830 Legato
1229 1767 1266 1813 ‚-

195 1839 408 1933 Domino
447 1831 502 1935 de
538 1832 849 1972 Starrenbergo
882 1843 1041 1934 iteratis
1076 1834 1247 1933 vicibus

194 1968 562 2074 commendastis:
599 1973 851 2116 quomihi,
887 1970 1246 2096 sardiuanteaad

191 2109 308 2214 hanc
324 2107 635 2213 Profellronem
653 2129 667 2230 (
683 2113 1022 2251 impetrantibus
1035 2110 1246 2254 quidem,

195 2249 267 2351 sed
291 2279 487 2354 me‘vere
504 2249 676 2372 inscio,
714 2263 896 2371 amicis)
933 2287 1011 2388 per
1036 2248 1248 2354 honestis·

193 2388 448 2492 srmasmihi
475 2395 631 2492 vestras
659 2390 821 2489 litteras
838 2403 887 2493 X
913 2388 1096 2493 Kalend.
1137 2386 1244 2533 Julii

98 2624 103 2636 ,
194 2529 312 2630 datas
338 2565 530 2642 vocato,
567 2525 697 2629 libera
723 2529 1033 2630 concederetur
1057 2534 1245 2669 potestur

191 2667 284 2773 huc
307 2705 516 2773 terrarum
535 2666 778 2773 functionis
798 2667 923 2770 causa
942 2709 1047 2771 cum
1078 2665 1245 2770 familia

191 2807 412 2914 veniendi.
485 2805 688 2914 Alterum
717 2847 852 2927 vero,
889 2845 971 2908 nec
999 2819 1136 2948 priori
1158 2819 1246 2910 rni-

176 2986 300 3070 nur,
331 2960 384 3050 'in
412 2988 466 3050 eo
487 2948 649 3066 stium,
684 2947 957 3092 quodcum,
992 2981 1150 3088 negata
1165 2946 1244 3050 sae·

190 3101 290 3231 pius
311 3124 465 3230 praeter
479 3086 597 3228 spem
623 3086 857 3209 facultate,
894 3088 1159 3189 elabendum
1173 3085 1249 3190 fu*

190 3235 284 3333 iller
304 3263 354 3330 ut
380 3263 616 3368 poteram,
654 3241 872 3374 quoniam
887 3226 1008 3330 haud
1020 3225 1175 3328 licebat
1188 3261 1240 3329 ut

189 3367 419 3489 volebam,
458 3365 603 3513 fitque
618 3370 761 3476 Vobis
783 3378 974 3508 inopino
985 3364 1142 3468 adellet
1157 3363 1240 3469 ho-

188 3547 271 3614 mo
292 3546 387 3610 non
414 3507 662 3648 plurimum
688 3509 895 3630 honore,
931 3545 1068 3653 quern
1086 3507 1240 3645 benig·

187 3647 361 3754 nillrnre
375 3646 653 3784 obtuleratis,
691 3647 976 3769 macondus,
1011 3645 1238 3750 honorem

183 3825 339 3902 tamen
362 3785 547 3904 solenni.
560 3800 649 3896 ritu
680 3787 973 3936 contuleritis.
1042 3797 1102 3892 Et
1135 3823 1236 3907 ne,

1106 3961 1237 4072 qllae·
