2942 4634
353 296 433 351 nit
492 270 674 345 Rura
735 264 1019 361 Suntne]
1120 284 1187 377 333

166 432 208 475 res
219 406 531 489 erirusliteutomniunr
541 405 758 465 saluberrimum.
778 402 1191 487 Sedlmse'eproeuidnbiopntior

168 489 428 569 eratquamorimte'e
438 487 516 544 ratio.
536 485 728 548 Itatsmenut,
739 482 966 561 quotiesnullutn
974 484 1082 543 aliunde
1089 502 1193 552 metuo·

167 582 240 629 retur
252 566 485 627 incommodum.
504 564 626 621 muntem
638 560 695 618 aliis
706 562 765 617 coeli
775 560 862 638 plagis
872 559 1043 621 anteferrent.
1062 564 1192 630 Idunum

168 646 224 705 hoc
238 646 266 703 in
280 644 342 703 loco
355 640 491 701 observare
504 638 601 704 volui,
620 638 694 697 idem
703 637 790 696 valere
801 636 873 713 apud
882 644 1035 714 gremuticm
1049 638 1192 721 scriptores

169 721 199 779 in
205 720 305 797 sative
324 721 377 779 situ
396 720 540 778 orientem,
560 714 636 796 quod
650 716 678 774 in
690 716 778 773 nubili
788 714 881 792 hostem
897 756 906 781 ‚
932 731 965 774 ut
977 719 1091 795 proinde
1102 739 1193 803 quem

167 800 287 857 limitem
301 796 437 869 inflatior
451 793 504 852 sliu
514 795 606 855 orienti
617 794 805 860 obverterent,
830 791 949 853 eundem
967 794 1051 855 essent
1069 804 1194 862 militm

225 877 284 934 'ob
302 874 395 933 ersuri.
763 892 766 898 ·

168 876 237 1023 basi.
247 896 302 1012 Ill.v
315 955 354 1011 lta
366 948 552 1029 intelligemus
571 966 656 1028 quam
674 948 824 1027 pofitursm
842 948 1013 1009 obtinuerint
1030 952 1060 1011 in
1075 951 1198 1036 κρυφῇ

166 1030 327 1109 disciplina,
346 1035 474 1088 STRlG
482 1034 521 1097 Al
537 1039 621 1105 atque
631 1028 782 1106 scamnum.
818 1028 928 1107 Agrum
942 1026 1024 1089 illum
1041 1036 1194 1110 Strigeeum

166 1108 283 1187 uppellnt
309 1108 350 1182 (d)
370 1113 497 1185 Aggtntu
513 1106 621 1165 Urbicus
633 1143 641 1167 .
661 1108 707 1183 qui
718 1104 740 1164 t
745 1107 913 1185 septentrione
925 1108 953 1166 in
965 1105 1150 1184 longitudinem
1161 1116 1194 1174 iu

165 1188 344 1243 meridianum
354 1184 477 1255 muueris.
516 1192 689 1240 Stumttatum
704 1198 817 1248 eutem,
836 1188 882 1259 qui
894 1186 1004 1243 eomodo
1013 1185 1050 1245 eb
1064 1190 1193 1251 stridente

164 1265 194 1319 in
211 1266 334 1321 orientem
346 1261 444 1340 crescit.
482 1258 522 1319 lta
535 1258 667 1336 dispofitae
678 1258 820 1341 phalanges
830 1262 859 1319 in
870 1261 1054 1339 longitudinem
1067 1261 1195 1344 isepteu-

165 1338 344 1399 trionrversus
354 1339 506 1399 meridiem.
530 1336 621 1415 vultus
626 1337 715 1415 potius
727 1342 818 1397 orienti
829 1358 912 1417 quam
917 1342 1085 1419 septentrioni
1095 1342 1194 1401 obser·

165 1414 210 1477 sos
225 1416 375 1481 habuerint.
403 1412 558 1493 lta.uquilar
565 1414 726 1491 respexerint
735 1428 886 1493 pertuenqm
898 1422 1048 1477 Pretorium
1059 1419 1089 1477 in
1100 1418 1196 1484 forms

164 1490 357 1570 ruslrenfifiuu.
397 1492 461 1551 Nec
474 1492 551 1551 aliter
563 1490 618 1571 ipse
630 1494 775 1552 Frontinus
791 1514 799 1550 :
818 1493 859 1567 (e)
873 1491 954 1578 Quin
970 1498 1020 1553 uid
1030 1511 1122 1556 eutem
1135 1501 1193 1573 (in-

164 1574 244 1649 quit)
256 1572 405 1651 [emnium
416 1570 483 1629 hune
502 1570 668 1629 erminonem
685 1576 714 1630 in
731 1573 920 1648 longitudinem
939 1513 1169 1647 nidulimirutum
1180 1617 1193 1643 .

159 1662 207 1726 per
218 1656 299 1708 STR
307 1657 323 1707 l
329 1658 354 1708 G
362 1656 416 1707 AS
427 1648 572 1724 apprimo
585 1670 594 1715 ς
614 1652 736 1727 quicquid
747 1662 793 1725 per
806 1649 975 1717 altitudinem
986 1688 997 1712 .
1017 1652 1193 1729 perscumna.

163 1728 208 1785 De
225 1746 347 1802 agrorum
359 1724 490 1791 divisione
503 1724 562 1782 lucc
577 1730 716 1783 Frontinur
730 1766 739 1793 ‚
757 1746 814 1785 non
826 1746 842 1784 e
864 1726 957 1785 uidem
964 1724 1127 1804 fingulorum
1140 1750 1190 1789 eo-

161 1802 292 1861 lonorum
316 1805 415 1863 ortibus
426 1817 507 1882 atque
519 1803 707 1878 portionibus,
726 1746 958 1883 quarumiimites
971 1819 1098 1883 poteraut
1107 1807 1196 1867 abin-i

164 1880 282 1939 viceme
304 1900 319 1937 e
333 1880 502 1939 diversissimi
518 1902 528 1948 ς
554 1878 713 1941 sedentum
728 1902 852 1959 agrorum
873 1884 923 1963 qui
945 1886 1042 1941 colonie
1060 1884 1194 1945 universio

163 1953 231 2013 fines
244 1957 427 2024 includerent,
447 1957 493 2017 seu
511 1974 633 2035 quorum
654 1963 746 2021 motus
757 1964 896 2041 universus
912 1962 1021 2019 tinituti
1039 1960 1193 2037 nlafflguu-

163 2049 218 2091 tue.
248 2035 374 2122 'Proinde
386 2054 443 2123 nun
456 2038 495 2094 est
509 2038 585 2115 quod
605 2038 763 2097 dubitemus
780 2040 848 2116 quin
868 2044 897 2099 dt
916 2036 1074 2127 uniusmodi
1087 2037 1192 2097 limites

161 2109 1012 2273 stillis,sitiilzritttis‘ltzst
1023 2112 1196 2251 isitii

159 2264 300 2342 ultumam
315 2305 329 2331 ,
345 2284 380 2323 ne
392 2263 500 2321 circuiri
512 2262 638 2339 possent,
659 2262 778 2321 hostibus
790 2266 899 2341 opponi
910 2263 1028 2323 solitam.
1049 2268 1194 2329 Accedunt

161 2340 282 2423 denique
297 2346 326 2402 δι
342 2340 388 2401 illa
398 2339 498 2419 Hygini
511 2338 591 2398 verba
612 2342 623 2410 ί
631 2337 661 2413 s)
682 2343 779 2417 quoties
790 2353 836 2418 per
856 2348 1049 2401 sTlthAS
1062 2344 1192 2422 disseibeu'-

162 2439 241 2489 mue,
258 2439 307 2481 nen
313 2418 455 2556 plusquam
464 2420 587 2493 tripertiti
599 2415 644 2493 effe
658 2418 796 2476 debebunt.
827 2419 896 2478 Non
909 2418 990 2478 aliam
1001 2421 1129 2481 existimo
1139 2427 1197 2484 tri·.

160 2500 289 2575 pertitam
303 2499 312 2556 i
323 2498 377 2557 lam
390 2495 606 2555 distributionem
621 2512 705 2575 quam
718 2495 839 2555 illam-in
849 2496 949 2557 militie
956 2501 1073 2558 muna
1084 2502 1191 2561 notitii-

161 2593 256 2643 mam,
276 2574 453 2652 hastatorum,
470 2576 632 2650 principum,
651 2584 732 2651 atque
745 2576 905 2636 triariorum.
925 2578 964 2633 tt
1003 2576 1128 2656 itriplex
1140 2580 1190 2639 itta

162 2655 234 2711 acies
249 2652 382 2725 hoslietnt
393 2648 528 2727 opposita.
568 2650 628 2733 Qi
641 2649 733 2729 itaque
745 2652 826 2711 limes
841 2653 964 2731 insepulc
982 2674 1069 2714 rorum
1079 2656 1191 2737 inscrip·
1230 2660 1236 2669 '

161 2728 286 2787 tionibus
306 2737 363 2787 tlt
380 2732 604 2785 FRoNTEM
625 2729 793 2805 appellatur,
811 2730 887 2791 illam
906 2739 1123 2794 tristam
1140 2756 1191 2815 ap·

160 2803 264 2884 pdlant
276 2807 305 2863 in
323 2804 541 2883 cuslrumetutiom
560 2810 731 2873 Geometici3
756 2812 785 2868 &t
802 2809 921 2870 vicissim
940 2828 1025 2889 quem
1045 2821 1191 2873 Scamnum

160 2884 327 2948 Geometiri,
347 2881 462 2941 eundem
476 2880 561 2940 solent
580 2891 629 2943 IN
648 2892 816 2945 AGRUM
835 2887 976 2963 designare
989 2885 1188 2963 inscriptiones.

162 2961 305 3019 Conuenit
320 2961 458 3039 &scamni
471 2958 632 3039 significatio
641 2961 714 3035 apud
728 2974 835 3019 autores
846 2969 885 3019 rei
896 2962 998 3035 rustice.
1015 2964 1098 3039 Siqua
1109 2968 1189 3026 enim

161 3040 234 3097 inter
244 3038 375 3099 arandum
390 3051 459 3095 tens
471 3035 559 3095 suerit
571 3036 605 3092 ab
616 3050 705 3091 urano
718 3037 915 3110 praetermissa,
934 3036 1010 3095 illam
1021 3058 1074 3117 pro
1080 3044 1195 3118 summ.

96 3146 98 3151 ·
122 3158 123 3163 η
160 3116 305 3175 habebant.
346 3116 418 3173 Situs
429 3132 497 3193 ergo
510 3114 566 3191 agri
571 3114 683 3191 seeundo
695 3110 768 3169 sulco
781 3114 819 3169 est
826 3114 1000 3189 seminetur.
1026 3116 1092 3176 fitur
1107 3118 1189 3181 sulci,

159 3196 326 3329 trapsnmsru
335 3192 467 3330 strp'peetrpet
475 3190 686 3327 appellabiturs.st
699 3192 912 3326 Attitrensverseu
924 3191 999 3251 sulco
1012 3194 1079 3253 situs
1090 3200 1188 3259 nultue
1241 3219 1244 3224 ·

161 3289 203 3328 mr
215 3290 224 3327 t
237 3291 286 3329 um
298 3288 346 3349 rep
392 3289 426 3329 en
479 3288 509 3327 in
521 3288 664 3328 acreconr
687 3289 720 3327 eu
744 3288 802 3329 um.

188 3344 231 3423 '§.
245 3354 279 3405 V.
298 3350 434 3427 Jamvero
449 3366 511 3485 pust
525 3349 553 3406 in
565 3345 794 3425 caseis'vigwnt
806 3348 894 3427 leges,
914 3349 1018 3408 eaedem
1039 3352 1067 3409 in
1085 3352 1187 3416 cehniie
1305 3309 1307 3315 Ι

160 3424 362 3505 limitaneisque
374 3425 448 3506 praest
469 3426 500 3501 iis
512 3426 598 3483 etiam
613 3427 734 3503 viguere.
762 3428 823 3484 Nec
836 3428 910 3485 eninr
923 3426 981 3486 illae
987 3429 1093 3489 telluris
1104 3434 1189 3493 colen.

161 3502 203 3562 de
216 3504 301 3561 modo
320 3502 402 3569 sunt,
427 3504 472 3563 sed
487 3502 586 3561 finiunt
598 3504 681 3561 etiam
699 3509 937 3580 propugnantium
961 3506 1037 3565 causa
1055 3510 1187 3571 dedudiar.

161 3580 193 3637 ld
205 3578 265 3638 satis
278 3580 316 3637 eti
328 3596 363 3643 ex
377 3582 441 3659 ipsis
456 3581 494 3637 rei
503 3581 615 3656 agraria
627 3581 736 3639 vocibus
750 3582 931 3641 manifestum.
953 3583 996 3662 (g)
1016 3589 1188 3648 Territerium

160 3658 216 3717 illis
230 3657 257 3715 id
268 3676 353 3779 omne
364 3658 463 3717 dicitur
476 3658 549 3737 quod
561 3656 634 3733 hoslt't
649 3661 763 3718 tenendi
775 3665 853 3739 cause
866 3660 1029 3740 consitutum
1041 3664 1083 3745 es.
1099 3676 1190 3821 ‘irrepit-r

195 3848 236 3923 (d)
252 3861 290 3921 Ag
308 3858 379 3907 ΛΜ.
390 3858 418 3907 de
432 3860 483 3907 lint.
502 3864 591 3923 Agror.
604 3875 629 3923 p.
642 3863 684 3923 46.
697 3858 760 3923 Gors·
792 3858 828 3927 (e)
846 3863 946 3914 Frmtiu·
959 3863 988 3912 de
1002 3878 1111 3930 agrotum
1128 3879 1187 3928 qua·
1227 3863 1229 3869 ’

159 3922 227 3995 lirare
239 3935 262 3985 p.
277 3876 315 3985 3i.
348 3921 358 3987 (
366 3921 393 3986 l)
410 3924 489 3987 liygtn.
502 3929 606 3973 Gronau.
623 3938 647 3986 p.
661 3928 702 3989 78.
721 3923 787 3992 ⁶(g)
810 3927 912 3979 frenels.
923 3929 953 3980 de
966 3930 1019 3981 lin·
1035 3935 1098 3995 Agr.
1109 3943 1184 4000 Νι.

162 3985 212 4037 vti.
224 3986 294 4037 Flere.
309 3978 392 4037 Sinde
406 3986 480 4037 cond.
493 3990 554 4050 Agr.
567 4000 591 4049 p·
605 4000 627 4052 3.
972 4026 976 4035 .
