2942 4634
270 316 314 393 86
414 287 773 384 Scantiana
826 304 1136 397 Bruuz'rr

269 427 471 487 cetabexcelsu
489 432 597 491 Galerii.
637 434 672 488 Et
684 434 802 489 Socrates
820 432 1013 510 lib.1.cap.rr.
1034 434 1071 489 ait
1081 436 1283 493 Maximianum
1389 454 1390 461 ¹

271 504 360 563 abiilli:
372 503 388 561 ὲ
401 508 455 563 vita
465 526 554 584 quum
567 508 702 567 Licinium
714 506 787 584 priris
795 512 989 585 Imperatorem
1000 510 1140 569 creavisset.
1173 514 1223 571 His
1234 514 1286 590 igl-

272 593 318 638 tur
328 582 439 641 ducibus
448 587 547 641 erravit
559 589 585 643 Si
623 586 690 641 nius.
708 604 793 664 quem
805 582 907 643 iitcutus
918 587 955 643 est
968 588 1098 645 Morinos.

242 654 248 665 ⁹
310 660 426 717 manns
449 604 718 736 tyusoeffjdeffi
738 663 813 738 Maii.

312 737 389 792 Kru.
409 740 568 812 Manrrrs]
592 741 632 796 bo
644 740 717 796 enim
729 740 773 796 die
784 740 1090 799 GaleriusMaximianus
1101 739 1184 796 fastus
1193 738 1283 799 fixerat

272 810 360 869 Caesar
371 833 435 870 curn
448 816 619 881 Constantio,
639 818 758 893 adeoque
764 819 888 875 Kalendis
899 817 1002 893 semper
1007 817 1111 874 Martiis
1122 816 1284 875 inchoaban—

270 900 317 945 tur
329 891 391 945 anni
402 892 459 965 ejus
471 893 590 969 imperii,
609 896 638 951 δε
651 893 796 951 vicennalia
806 895 929 953 celebrari
941 895 1071 951 debebant
1080 894 1203 951 Kalendis
1208 897 1284 951 Mar-

268 964 315 1021 tiis
326 966 502 1043 impendentis
513 971 588 1030 anni,
608 970 655 1047 qui
669 970 775 1027 futurus
786 984 841 1029 erat
852 972 995 1050 vigesimus
1006 972 1112 1049 imperii
1124 990 1187 1045 eyus.
1214 970 1282 1027 Fasti

269 1042 381 1101 idatiaui
392 1044 535 1118 Tiberiano
549 1050 577 1105 dt
590 1048 681 1103 Dione
692 1046 853 1107 Consulibus
873 1070 879 1105 :
900 1056 936 1104 Er
953 1068 1017 1105 armo
1034 1048 1119 1105 levati
1129 1050 1197 1127 sunt
1214 1054 1283 1105 Con-

262 1117 378 1195 stantius
388 1120 423 1192 ό·
434 1126 618 1183 Maximianus
630 1126 740 1201 Castam
752 1128 793 1183 die
804 1126 866 1183 Kal.
877 1132 963 1182 Mart.
1004 1126 1130 1181 Eumenii
1141 1125 1283 1201 panegyri-

270 1216 316 1254 cus
328 1199 484 1257 Constantio
494 1200 580 1257 distas
601 1221 608 1257 :
625 1210 650 1259 0
665 1202 784 1258 xatendae
795 1206 914 1266 Martie,
927 1198 1005 1278 ficati
1016 1202 1077 1259 oiim
1087 1220 1211 1258 omum
1222 1201 1282 1257 vol-

267 1276 410 1337 ventium,
429 1278 469 1333 ita
482 1297 550 1335 nunc
567 1292 713 1335 eternorum
731 1281 841 1355 auspices
860 1274 1067 1355 Imperatorum!
1086 1278 1136 1336 Sed
1149 1278 1210 1335 heic
1220 1296 1280 1333 rur-

268 1349 329 1408 sum
340 1354 457 1409 occurn't
469 1353 609 1412 difficultas
627 1354 660 1411 de
677 1356 751 1413 annis
769 1356 884 1431 imperii.
925 1357 1000 1412 Nam
1012 1356 1032 1411 fi
1046 1374 1140 1413 verum
1151 1355 1188 1410 est
1201 1354 1282 1411 Gale-

268 1428 340 1486 rium
351 1427 458 1485 fastum
471 1430 547 1489 hriffe
558 1430 689 1488 Caesarem
702 1431 751 1489 sub
769 1430 906 1489 consulatu
918 1430 1053 1489 Tiberiani
1067 1434 1094 1488 δε
1106 1432 1222 1494 Dionis,
1250 1434 1281 1488 bc

174 1542 178 1545 -
267 1504 379 1561 illorum
391 1504 560 1564 consulatum
574 1526 721 1584 congruere
733 1526 796 1566 cum
816 1526 886 1565 anno
906 1508 1005 1565 Christi
1026 1525 1125 1562 ccxcr.
1146 1520 1176 1561 ut
1193 1504 1281 1583 vulgo

267 1594 383 1659 putant,
403 1585 532 1641 comiabit
542 1604 607 1641 eum
619 1599 762 1642 mortuum
773 1583 849 1641 fuisse
860 1602 931 1641 anuo
949 1604 1016 1641 xxi.
1036 1581 1140 1657 imperii
1153 1584 1274 1640 ineunte.

268 1653 343 1714 Cbm
355 1673 444 1717 autem
457 1662 601 1719 contradici
619 1679 675 1718 non
687 1661 769 1739 poffit
785 1660 947 1739 argumentis
965 1680 999 1717 ex
1018 1658 1155 1714 lactantio
1167 1658 1258 1734 petitis
1271 1699 1282 1724 ,

267 1738 407 1867 {merenda
418 1737 504 1813 aliqua
517 1737 559 1793 ria
577 1736 614 1792 est
626 1756 679 1813 qua
697 1758 747 1795 nos
765 1739 935 1813 expediamus
953 1754 987 1793 ex
1006 1735 1047 1791 bis
1063 1734 1277 1792 difficultatibus.

290 1825 302 1868 t
312 1808 378 1869 sanei-
386 1812 504 1888 optimos
515 1812 577 1869 illos
588 1814 674 1870 Fastos
683 1815 815 1871 idatianos
827 1825 931 1873 certum
945 1814 981 1871 est
993 1808 1050 1869 no'n
1062 1828 1149 1867 carere
1160 1812 1280 1869 naevis&

188 1952 198 1963 ,
267 1889 413 1955 erroribus,
432 1902 464 1947 ut
476 1885 553 1949 nole
565 1890 670 1965 probari
680 1890 775 1966 posset.
1254 1905 1257 1912 ·

189 2000 196 2015 ·
265 2032 271 2047 1
307 1968 439 2023 chrnro
460 1984 608 2024 nonanus
650 1968 770 2043 quitum
782 1980 838 2022 erat
852 1967 880 2023 in
901 1966 984 2023 Dacia
996 1964 1190 2023 Mediterranea
1208 1965 1280 2040 apud

267 2042 401 2100 Sardicam
413 2057 459 2100 aut
471 2063 527 2101 non
539 2044 628 2101 multo
640 2043 741 2119 procul.
762 2043 837 2098 Nam
850 2042 904 2100 illic
918 2056 1043 2099 mortuus
1055 2055 1111 2098 crat
1122 2041 1253 2099 Galerius.

303 2122 430 2178 Faenum
450 2120 712 2193 Cnaaccoourun]
736 2124 816 2176 llunc
834 2119 925 2197 itaque
938 2119 1056 2176 limitem
1069 2118 1212 2175 orientalis
1224 2118 1279 2175 irn-

264 2197 331 2273 perii
343 2197 501 2257 constituere
512 2197 617 2257 volebat
624 2197 790 2255 Maximinus
802 2208 833 2252 ut
847 2196 917 2253 intra
928 2196 1007 2253 illum
1019 2194 1082 2252 effet
1094 2197 1177 2251 etiam
1186 2195 1280 2271 Bithy-

265 2275 311 2330 nia
322 2274 448 2352 usque-ad
458 2271 659 2337 Chalcedonem
673 2314 681 2338 ,
701 2274 845 2350 provinciae
857 2272 922 2329 verb
935 2272 1004 2331 ultra
1015 2271 1114 2329 fretum
1129 2272 1282 2329 Chalcedo-

265 2350 344 2407 nium
353 2352 517 2426 pertinerent
527 2354 560 2411 ad
571 2351 717 2429 imperium
724 2346 910 2413 Occidentale‚
925 2352 999 2405 itaut
1010 2348 1080 2405 sedes
1092 2349 1281 2437 imperiique

264 2437 327 2481 tum
339 2438 395 2483 erat
405 2428 475 2503 apud
486 2430 678 2487 Nicomediam
692 2469 701 2493 ,
720 2428 753 2484 ad
767 2426 810 2497 se,
828 2426 885 2502 ,qui
895 2427 969 2501 prior
979 2422 1064 2481 fastus
1076 2422 1162 2482 fuerat
1177 2426 1280 2491 Caelar,

249 2571 252 2577 ι
263 2502 419 2578 pertineret,
439 2501 495 2558 non
508 2519 599 2563 autem
611 2506 643 2560 ad
655 2503 800 2561 Licinium.
1167 2525 1172 2534 ’

303 2578 508 2649 Brrnxnrxn]
529 2582 561 2633 In
579 2580 661 2635 veteri
680 2582 772 2639 codioe
790 2576 1055 2657 legituryahianiasn.
1094 2576 1206 2632 Certam
1224 2576 1281 2635 esse

264 2653 481 2711 emendationem
494 2652 589 2728 probat
599 2651 691 2727 primb
703 2654 920 2719 iterMaximini,
940 2656 986 2733 qui
993 2672 1026 2710 ex
1033 2652 1145 2711 Oriente
1156 2650 1281 2711 adChal-

264 2731 394 2788 cedonem
408 2728 578 2805 properabam
598 2728 693 2784 deinde
704 2728 758 2802 ipse
771 2732 1007 2808 Maximinus,qui
1015 2732 1042 2788 in
1048 2729 1155 2807 epistola
1166 2728 1281 2807 sequen-

264 2808 287 2866 ti
299 2826 370 2865 anno
380 2806 473 2882 scripta
485 2808 518 2864 ad
530 2804 658 2861 Sabinum
670 2843 679 2868 ,
698 2821 782 2879 quam
795 2807 888 2861 recitat
901 2807 1027 2866 Eusebius
1039 2848 1047 2871 .
1067 2808 1146 2865 docet
1165 2804 1192 2862 se
1204 2826 1280 2863 anno

263 2886 399 2965 praeterito
412 2882 580 2942 Nicomediae
591 2880 676 2939 fuisse.
716 2876 785 2937 Ciam
797 2900 862 2939 mmo
871 2887 1009 2958 preterito,
1030 2885 1139 2963 inquit,
1160 2885 1281 2941 Nicome-

262 2964 337 3023 diam
341 2961 456 3041 feliciter
469 2958 539 3039 effem
556 2957 674 3038 ingrefflrs
687 2999 695 3021 ,
714 2960 782 3015 cives
794 2958 847 3041 ejus
861 2959 931 3017 urbis
943 2980 983 3019 me
995 2966 1045 3020 isit
1056 2968 1188 3039 degentem
1206 2962 1281 3017 adie-

263 3056 335 3099 runt.
376 3041 468 3117 Qare
478 3034 550 3101 resti
562 3036 731 3095 observatum
744 3036 781 3093 est
794 3038 826 3094 ab
838 3037 957 3095 Henrico
969 3038 1073 3097 valesio
1084 3040 1112 3094 in
1124 3037 1280 3094 armotatio-

263 3117 342 3176 nibus
353 3118 385 3175 ad
398 3117 542 3175 Eusebium
557 3132 616 3195 pag.
633 3118 694 3191 ¹85*
705 3118 733 3173 ὃ(
744 3114 799 3191 seq.
812 3114 1011 3177 Maximinum,
1031 3126 1144 3169 mortuo
1157 3114 1278 3176 Galerio,

263 3194 355 3253 risam
369 3214 399 3252 ac
411 3193 566 3272 bithyniam
578 3191 732 3269 occupasse,
758 3208 823 3267 quas
832 3186 952 3249 Gabrius
964 3187 1017 3247 uni
1036 3206 1101 3246 cum
1119 3188 1229 3263 Illyrico
1248 3196 1280 3251 be

262 3272 378 3329 Thracia
389 3270 439 3328 srbi
450 3272 602 3329 retinuerat.
833 3328 840 3343 ,

300 3350 454 3405 Drvsnsas
477 3348 588 3420 arras]
610 3348 741 3405 nimirum
753 3343 939 3403 Maximinus.
958 3352 989 3399 ut
1001 3338 1090 3419 palam
1108 3342 1167 3407 en,
1188 3345 1277 3423 ripam

263 3423 411 3502 bithyniae,
430 3424 547 3483 Licinius
557 3423 707 3488 adversam,
727 3421 755 3477 in
767 3438 819 3497 qua
831 3419 1000 3497 byzantium.

301 3504 334 3559 lu
352 3520 420 3558 rrso
434 3520 536 3559 rutro
550 3502 679 3575 nonnus]
702 3496 853 3556 hauddubie
868 3499 896 3555 in
909 3496 1027 3554 saucibus
1040 3494 1172 3574 bosphori
1187 3498 1277 3557 Thra-

259 3577 314 3642 cii,
334 3578 403 3635 inter
416 3580 578 3657 Byzantium
591 3582 618 3637 &
629 3576 839 3635 Chaloedonem.
879 3576 914 3632 Et
927 3572 1081 3651 bithyniam
1094 3576 1205 3653 quidem
1220 3574 1278 3633 oes-

187 3664 191 3673 '
259 3653 317 3715 sisse
330 3655 410 3726 injus
423 3657 596 3713 &ditionem
609 3654 754 3713 Maximini
768 3652 905 3730 colligitur
924 3670 959 3709 ex
978 3652 1109 3729 martyrio
1122 3652 1204 3721 sandi
1216 3656 1272 3711 Lu·

159 3784 163 3795 ,
259 3730 327 3791 ciani
341 3731 516 3795 Antiocheni.
536 3734 609 3811 quod
621 3744 722 3789 enarrat
735 3730 862 3790 Eusebius
874 3728 1096 3807 lib.1x.cup.vr.

240 3847 245 3862 f
296 3810 564 3885 Inounoanrran]
586 3809 689 3875 idest,
713 3826 828 3885 pacem,
857 3806 1029 3870 cessationem
1048 3802 1063 3864 i
1083 3806 1274 3883 persecutione.

260 3882 343 3965 supa
354 3902 409 3965 cap.
424 3904 529 3945 xxxiv.
543 3887 572 3946 in
584 3886 690 3944 edisio:
709 3885 897 3965 indulgentiam
909 3885 1018 3963 nostram
1029 3888 1182 3955 credidimus
1169 3896 1275 4021 ff

744 3992 748 4003 .
1147 3981 1169 4039 ι
1216 3979 1273 4019 m·
1389 3992 1390 4025 3
