2942 4634
257 274 282 361 ’4
507 265 614 365 Gtsu.
643 264 805 340 Cusum
835 264 1087 340 mmmm-1

235 390 302 467 ri.
349 395 605 483 Qtemadmodum
622 398 712 484 igitur
745 397 828 463 domi
855 398 913 463 suae
949 396 1053 463 fideles
1086 392 1292 481 persemrimir

260 494 400 563 tempore
416 479 493 547 idola
510 480 618 543 habere
633 499 811 564 potuerunt,
838 483 870 546 dt
888 481 1060 566 permittere
1079 515 1091 549 ,
1117 496 1150 541 ur
1164 476 1241 540 servi
1255 495 1288 540 ea

261 562 416 627 adorarent
425 582 492 635 ,ne
506 558 544 631 sc.
561 554 642 635 abiis
660 558 887 643 accusarentur,
918 564 961 627 ita
979 562 1116 628 videntur
1127 556 1288 643 persuasum

261 641 391 709 habuill'e
406 680 415 713 ,
441 640 498 707 sese
510 643 663 730 gentilium
685 646 795 729 templa
810 644 994 730 frequentare
1002 638 1125 727 potuilse
1133 640 1172 705 ad
1179 642 1289 732 evitan-

262 724 333 789 dam
349 722 603 811 persecutionem
627 747 680 791 nec
689 728 872 813 poteranrin
880 728 915 791 iis
932 726 1020 791 facile
1036 724 1200 809 distingui,
1221 740 1288 814 qul}

265 807 331 873 loca
349 826 429 871 erant
452 806 652 892 amplillima,
690 809 853 894 porticibus
863 828 1022 881 exornata,
1050 806 1172 894 aliisque
1194 822 1287 888 opert·

262 889 341 959 bus,
361 889 393 952 in
410 890 518 974 quibus
534 890 681 955 ambulare
698 909 857 978 poterant,
882 891 1014 977 nihilque
1029 909 1127 954 earum
1144 906 1242 952 rerum
1258 904 1288 949 a»

261 990 359 1067 gere,
381 990 452 1056 quas
471 973 594 1059 gentiles
620 973 716 1039 facere
724 974 932 1041 consueverant
939 974 1072 1038 colentes
1088 967 1288 1062 numinasuag

261 1051 354 1137 idque
377 1066 415 1117 eo
433 1056 543 1143 magis,
576 1057 643 1141 quia
660 1057 692 1120 hi
707 1054 782 1141 saepe
798 1057 910 1141 templa
926 1056 1046 1121 adibant
1067 1053 1214 1119 salutaturi
1229 1068 1290 1113 tan·

262 1152 328 1199 turn
345 1136 432 1201 Deos
451 1175 462 1209 ,
492 1158 545 1201 nec
562 1135 675 1225 semper
691 1136 899 1203 sacrificabant.
934 1139 1028 1203 eNolo
1044 1140 1102 1216 jam
1117 1131 1262 1218 disputare
1278 1164 1291 1199 r

262 1236 335 1281 uum
353 1220 431 1283 nesle
448 1240 483 1287 an
503 1220 582 1283 secus
604 1221 729 1287 fecerint
745 1220 926 1292 Christiani,
948 1239 998 1285 aut
1013 1239 1101 1305 quam
1123 1236 1211 1301 grave
1224 1233 1291 1299 pec·

266 1304 440 1380 cttum2hoc
464 1297 522 1370 stt,
543 1321 597 1367 nec
614 1304 704 1367 etiam
721 1304 890 1389 inquirere,
911 1324 973 1389 quo
987 1300 1105 1388 piaculo
1118 1317 1288 1364 teneantur,

266 1380 319 1465 qui
331 1403 374 1445 ex
391 1382 585 1455 nostratibus,
605 1383 724 1451 videndi
741 1386 981 1470 ctutumgraria,
999 1403 1103 1449 eorum
1112 1378 1291 1447 Christiano·

265 1482 331 1529 turn
348 1466 459 1548 templa
473 1465 582 1531 intrant
599 1505 609 1538 ,
644 1468 674 1531 in
690 1466 795 1553 quibus
811 1465 951 1535 statuae&
967 1463 1118 1530 fimulacra
1134 1484 1195 1527 non
1213 1480 1294 1527 orna·

264 1560 313 1607 tus
330 1564 443 1611 tanturn
460 1581 480 1617 ,2
502 1546 551 1613 sed
564 1550 658 1613 cultus
680 1551 768 1615 eriam
783 1549 874 1635 gratia
892 1544 1029 1633 disposita
1047 1545 1120 1616 sunt.
1178 1546 1291 1611 Verum

267 1623 346 1689 illud
363 1628 461 1691 facere
476 1648 536 1691 non
555 1628 667 1711 pulsum
688 1633 760 1716 quin
785 1650 942 1700 moneam,
982 1628 1109 1715 gentiles
1129 1623 1293 1691 nihilah'ud

266 1706 427 1793 exegisset
445 1708 618 1789 Christianis
649 1732 738 1795 quam
749 1732 781 1779 ut
795 1713 984 1780 sacrificarent
1002 1748 1013 1779 ,
1032 1709 1113 1773 nulla
1127 1709 1199 1771 raeti
1206 1726 1293 1776 curas

269 1808 331 1873 quo
344 1790 441 1853 animo
459 1790 592 1857 homines
609 1794 696 1855 Deos
712 1794 778 1857 suos
796 1796 936 1860 colerent.
979 1794 1097 1857 Horum
1112 1790 1227 1854 utinam
1244 1808 1295 1852 ex·

269 1872 402 1957 emplum
421 1892 480 1937 non
496 1872 677 1939 imitarentur
694 1874 851 1940 Pontificii
868 1914 880 1948 ,
916 1875 969 1961 qui
983 1874 1066 1939 sacris
1080 1871 1136 1937 suis
1150 1870 1297 1943 ,initiatos

272 1948 330 2018 else
347 1952 511 2018 existimant
526 1976 629 2022 omnes
649 1998 658 2025 ,
676 1974 750 2041 quos
767 1957 822 2036 vi,
842 1976 952 2026 metu,
977 1956 1099 2039 poenis,
1136 1951 1295 2017 tormentis

272 2056 384 2120 cogunt
392 2056 493 2101 eorum
501 2038 656 2123 participes
669 2038 752 2125 lieri,
768 2059 837 2103 cum
848 2040 976 2117 Julianus
993 2035 1135 2122 Apostata
1152 2035 1297 2100 contraria

269 2116 410 2191 senserit,
431 2126 639 2204 vetuerirque,
668 2144 699 2183 ne
715 2126 761 2208 qni
776 2122 889 2207 aliquem
906 2122 1118 2204 chrisimorum
1131 2136 1178 2182 atr
1192 2121 1294 2203 injurie

273 2198 410 2271 afficerent
428 2240 438 2271 ,
457 2220 504 2265 aut
518 2204 691 2270 contumelia,
702 2198 1021 2267 nreldttnrrwltlrelat
1033 2200 1108 2272 liga,
1123 2239 1134 2272 ‚
1155 2198 1237 2288 'rreqrtr
1253 2204 1295 2260 r'n·

272 2286 346 2343 viros
362 2284 399 2345 ad
402 2274 615 2366 sacrificandum
629 2286 784 2352 traherent,
796 2284 846 2366 sed
860 2304 892 2347 ut
907 2290 952 2371 qui
959 2284 1011 2367 sua
1017 2283 1157 2369 spenrrad
1173 2306 1238 2347 arar
1252 2301 1295 2343 at·

269 2361 414 2431 rederent,
432 2373 512 2450 prius
518 2366 728 2453 placarentdrnr
747 2363 948 2430 'nerem-lte,
968 2362 1223 2451 &expiationibun
1273 2380 1294 2423 e

273 2443 339 2529 ipfis
355 2445 464 2522 ufitatae
474 2447 559 2526 sunt,
573 2465 764 2538 purgarentur.
804 2448 886 2510 Nam
900 2444 1054 2507 meliorem
1062 2463 1175 2530 partem
1185 2464 1225 2509 no
1264 2445 1297 2513 ir

273 2524 402 2587 animum
413 2524 444 2585 &
455 2542 606 2595 mentem,
628 2552 686 2593 non
703 2548 810 2613 corplu
825 2524 879 2591 fibi
897 2522 1103 2612 poscitDeus.
1145 2525 1206 2591 Sed
1220 2528 1297 2591 libet

273 2602 328 2694 hac
346 2600 498 2665 occafione
512 2603 595 2665 inscri
619 2609 732 2671 tionem
749 2630 881 2674 veterem
899 2610 936 2673 ad
944 2625 1040 2693 partes
1047 2628 1173 2685 vocare,
1192 2628 1232 2674 ex
1241 2625 1297 2694 qna

273 2628 629 2777 rideoraffirmarepolld,
648 2687 777 2776 'Judaeos
789 2691 998 2770 persecutionis
1015 2710 1151 2777 tempore
1162 2691 1211 2758 rel
1228 2710 1297 2756 nuu-

273 2781 350 2833 ttum
368 2759 502 2853 remtfilse
519 2763 741 2851 religiontsuae,
762 2769 811 2831 vel
828 2771 917 2833 etiam
933 2774 996 2852 ejus
1011 2775 1158 2841 evitandae
1168 2770 1298 2839 causale·

273 2838 345 2917 cille
361 2844 524 2916 nonnulla,
550 2846 626 2919 unde
644 2848 771 2933 gentiles
790 2848 953 2933 persuasum
973 2854 1084 2922 lubere
1092 2876 1245 2944 poterant,
1263 2852 1298 2915 il·

177 2996 180 3007 ,
275 2928 324 2997 los
333 2952 390 2996 nnn
399 2930 522 3014 amplius
533 2930 650 3009 Judaeos
660 2927 726 2995 else.
770 2933 853 2998 inter
861 2955 1008 3003 marmora
1026 2936 1297 3005 Oxoniensranum.

277 3035 414 3079 xxvnrr.
425 3014 455 3079 dc
466 3014 542 3097 apud
561 3012 731 3096 Reinesium
753 3037 862 3096 3nutn.
875 3019 1267 3099 mnumexstarinscrmtio
1284 3052 1297 3087 r

277 3116 347 3181 quae
366 3094 592 3182 comprehendit
608 3099 848 3170 eorumnomina
866 3138 877 3169 ,
900 3103 952 3185 qui
962 3101 1097 3183 pecunias
1111 3100 1299 3165 contulerunt

278 3178 544 3250 adexornandum,
562 3199 594 3243 ut
611 3179 728 3245 viderur
745 3219 755 3251 ,
775 3178 1115 3265 gymnaliutnSmyrnae,
1133 3182 1165 3247 dt
1177 3182 1252 3250 inter
1265 3180 1300 3243 il·

279 3258 327 3325 los
344 3258 528 3327 recensentur
548 3262 663 3339 Judaei:
686 3264 706 3313 αἱ
720 3264 780 3313 wi
801 3257 916 3325 ’tantan
934 3266 984 3326 Μ.
1001 3266 1045 3327 Α.
1062 3260 1168 3333 idest,
1188 3260 1297 3329 exsen-

277 3343 371 3410 tentia
390 3344 519 3409 virorum
542 3345 722 3407 eruditorum
742 3384 753 3413 ,
777 3350 822 3432 qur·
838 3361 920 3428 nuper
935 3344 1039 3432 affuere
1055 3344 1154 3421 Judaer·
1170 3383 1180 3416 ,
1199 3351 1296 3410 minan

277 3446 365 3489 unam.
411 3426 523 3490 Verum
538 3426 612 3489 mihi
624 3426 778 3491 videbatur
792 3444 1024 3511 nonnunquam,
1051 3424 1135 3493 reddi
1152 3430 1217 3493 hac
1234 3447 1298 3491 uer.

179 3514 185 3525 ’
281 3502 320 3569 ba
335 3504 465 3577 debere,
484 3504 537 3595 'qut'
553 3510 684 3595 quondam
693 3512 803 3593 fuerunt
821 3506 945 3585 eraei..
969 3509 1121 3574 Haecadia
1132 3510 1297 3595 suntSmyrj

280 3592 356 3659 inae,
382 3606 516 3673 tempore
530 3593 656 3655 Adriani
673 3589 887 3674 Imperatoris,
912 3612 974 3677 quo
1011 3593 1182 3658 tarillimam
1205 3594 1297 3670 Judaet

281 3672 447 3735 excitarunt
471 3670 644 3739 seditionem
666 3676 696 3739 dc
720 3674 942 3740 rebellionem,
979 3614 1056 3739 duce
1074 3674 1297 3741 Buchocheber

262 3767 266 3779 ·
283 3752 536 3842 pseudo-Mellit;
557 3756 704 3827 illosricit
721 3757 870 3825 Adrianus
887 3797 899 3832 ,
921 3776 985 3826 rora
1000 3758 1105 3841 Judaa
1120 3752 1301 3903 tflhssogdssi
