<?xml version="1.0" encoding="UTF-8"?>
<!DOCTYPE html PUBLIC "-//W3C//DTD XHTML 1.0 Transitional//EN"
    "http://www.w3.org/TR/xhtml1/DTD/xhtml1-transitional.dtd">
<html xmlns="http://www.w3.org/1999/xhtml" xml:lang="en" lang="en">
 <head>
  <title>
</title>
<meta http-equiv="Content-Type" content="text/html;charset=utf-8" />
  <meta name='ocr-system' content='tesseract 3.04.00' />
  <meta name='ocr-capabilities' content='ocr_page ocr_carea ocr_par ocr_line ocrx_word'/>
</head>
<body>
  <div class='ocr_page' id='page_1' title='image "./luciicaeciliifi00galegoog_0408.png"; bbox 0 0 2942 4634; ppageno 0'>
   <div class='ocr_carea' id='block_1_1' title="bbox 257 264 1135 347">
    <p class='ocr_par' dir='ltr' id='par_1_1' title="bbox 257 264 1135 347">
     <span class='ocr_line' id='line_1_1' title="bbox 257 264 1135 347; baseline 0.006 -6"><span class='ocrx_word' id='word_1_1' title='bbox 257 267 303 347; x_wconf 81' lang='lat'>80&#39;</span> <span class='ocrx_word' id='word_1_2' title='bbox 416 264 1135 345; x_wconf 78' lang='lat' dir='ltr'>Srrriiixillaiuzi&#39;i</span> 
     </span>
    </p>
   </div>
   <div class='ocr_carea' id='block_1_2' title="bbox 114 387 1381 3849">
    <p class='ocr_par' dir='ltr' id='par_1_2' title="bbox 256 387 1381 623">
     <span class='ocr_line' id='line_1_2' title="bbox 256 387 1276 477; baseline 0.006 -27"><span class='ocrx_word' id='word_1_3' title='bbox 256 424 260 427; x_wconf 92' lang='lat'>·</span> <span class='ocrx_word' id='word_1_4' title='bbox 296 393 431 466; x_wconf 89' lang='lat' dir='ltr'>Voruii]</span> <span class='ocrx_word' id='word_1_5' title='bbox 454 393 497 449; x_wconf 91' lang='lat' dir='ltr'>Sic</span> <span class='ocrx_word' id='word_1_6' title='bbox 508 389 639 462; x_wconf 70' lang='lat' dir='ltr'>vocabant</span> <span class='ocrx_word' id='word_1_7' title='bbox 654 387 718 446; x_wconf 79' lang='lat' dir='ltr'>festa</span> <span class='ocrx_word' id='word_1_8' title='bbox 729 389 861 469; x_wconf 87' lang='lat' dir='ltr'>inquibus</span> <span class='ocrx_word' id='word_1_9' title='bbox 868 402 931 452; x_wconf 84' lang='lat' dir='ltr'>v&#39;ota</span> <span class='ocrx_word' id='word_1_10' title='bbox 943 394 1161 471; x_wconf 85' lang='lat' dir='ltr'>concipiebantui·</span> <span class='ocrx_word' id='word_1_11' title='bbox 1173 414 1223 477; x_wconf 90' lang='lat' dir='ltr'>pro</span> <span class='ocrx_word' id='word_1_12' title='bbox 1234 399 1276 467; x_wconf 64' lang='lat' dir='ltr'>ini</span> 
     </span>
     <span class='ocr_line' id='line_1_3' title="bbox 258 466 1276 541; baseline -0.002 -12"><span class='ocrx_word' id='word_1_13' title='bbox 258 469 416 529; x_wconf 87' lang='lat' dir='ltr'>columitate</span> <span class='ocrx_word' id='word_1_14' title='bbox 428 472 456 527; x_wconf 69' lang='grc' dir='ltr'>δι</span> <span class='ocrx_word' id='word_1_15' title='bbox 468 468 594 524; x_wconf 91' lang='lat' dir='ltr'>diutuma</span> <span class='ocrx_word' id='word_1_16' title='bbox 605 466 760 541; x_wconf 85' lang='lat' dir='ltr'>Principum</span> <span class='ocrx_word' id='word_1_17' title='bbox 773 467 828 525; x_wconf 87' lang='lat' dir='ltr'>vita</span> <span class='ocrx_word' id='word_1_18' title='bbox 841 509 850 534; x_wconf 94' lang='lat'>,</span> <span class='ocrx_word' id='word_1_19' title='bbox 876 483 908 527; x_wconf 92' lang='lat' dir='ltr'>ut</span> <span class='ocrx_word' id='word_1_20' title='bbox 919 472 986 529; x_wconf 87' lang='lat' dir='ltr'>sicut</span> <span class='ocrx_word' id='word_1_21' title='bbox 1000 474 1160 541; x_wconf 69' lang='lat' dir='ltr'>vicennalia,</span> <span class='ocrx_word' id='word_1_22' title='bbox 1182 494 1276 537; x_wconf 83' lang='lat' dir='ltr'>exem.</span> 
     </span>
     <span class='ocr_line' id='line_1_4' title="bbox 257 543 1381 623; baseline 0.01 -21"><span class='ocrx_word' id='word_1_23' title='bbox 257 547 298 623; x_wconf 91' lang='lat' dir='ltr'>pli</span> <span class='ocrx_word' id='word_1_24' title='bbox 310 546 405 612; x_wconf 77' lang='lat' dir='ltr'>musi,</span> <span class='ocrx_word' id='word_1_25' title='bbox 425 544 611 608; x_wconf 81' lang='lat' dir='ltr'>celebrabant,</span> <span class='ocrx_word' id='word_1_26' title='bbox 633 543 670 602; x_wconf 87' lang='lat' dir='ltr'>fic</span> <span class='ocrx_word' id='word_1_27' title='bbox 688 543 726 599; x_wconf 93' lang='lat' dir='ltr'>dii</span> <span class='ocrx_word' id='word_1_28' title='bbox 738 544 888 603; x_wconf 87' lang='lat' dir='ltr'>tribuerent</span> <span class='ocrx_word' id='word_1_29' title='bbox 898 559 930 604; x_wconf 89' lang='lat' dir='ltr'>ut</span> <span class='ocrx_word' id='word_1_30' title='bbox 940 549 1093 609; x_wconf 77' lang='lat' dir='ltr'>tricennalia</span> <span class='ocrx_word' id='word_1_31' title='bbox 1104 552 1275 613; x_wconf 85' lang='lat' dir='ltr'>celebrarent.</span> <span class='ocrx_word' id='word_1_32' title='bbox 1379 566 1381 571; x_wconf 87' lang='lat'>&#39;</span> 
     </span>
    </p>

    <p class='ocr_par' dir='ltr' id='par_1_3' title="bbox 238 618 1277 931">
     <span class='ocr_line' id='line_1_5' title="bbox 238 618 1277 707; baseline 0.006 -26"><span class='ocrx_word' id='word_1_33' title='bbox 238 646 244 668; x_wconf 84' lang='lat'><em>›</em></span> <span class='ocrx_word' id='word_1_34' title='bbox 259 625 312 681; x_wconf 85' lang='lat' dir='ltr'>Sed</span> <span class='ocrx_word' id='word_1_35' title='bbox 323 642 389 700; x_wconf 91' lang='lat' dir='ltr'>opus</span> <span class='ocrx_word' id='word_1_36' title='bbox 403 642 460 679; x_wconf 91' lang='lat' dir='ltr'>non</span> <span class='ocrx_word' id='word_1_37' title='bbox 471 621 508 679; x_wconf 85' lang='lat' dir='ltr'>est</span> <span class='ocrx_word' id='word_1_38' title='bbox 520 640 567 678; x_wconf 91' lang='lat' dir='ltr'>me</span> <span class='ocrx_word' id='word_1_39' title='bbox 578 619 654 696; x_wconf 91' lang='lat' dir='ltr'>plura</span> <span class='ocrx_word' id='word_1_40' title='bbox 674 620 761 679; x_wconf 83' lang='lat' dir='ltr'>dicere</span> <span class='ocrx_word' id='word_1_41' title='bbox 778 622 813 678; x_wconf 88' lang='lat' dir='ltr'>de</span> <span class='ocrx_word' id='word_1_42' title='bbox 833 620 887 681; x_wconf 88' lang='lat' dir='ltr'>hoc</span> <span class='ocrx_word' id='word_1_43' title='bbox 906 637 1087 703; x_wconf 85' lang='lat' dir='ltr'>argumento,</span> <span class='ocrx_word' id='word_1_44' title='bbox 1105 618 1172 686; x_wconf 80' lang='lat' dir='ltr'>cirin</span> <span class='ocrx_word' id='word_1_45' title='bbox 1191 649 1277 707; x_wconf 87' lang='lat' dir='ltr'>nuper</span> 
     </span>
     <span class='ocr_line' id='line_1_6' title="bbox 258 696 1276 765; baseline 0.009 -8"><span class='ocrx_word' id='word_1_46' title='bbox 258 700 316 757; x_wconf 93' lang='lat' dir='ltr'>duo</span> <span class='ocrx_word' id='word_1_47' title='bbox 326 697 495 757; x_wconf 87' lang='lat' dir='ltr'>eruditislimi</span> <span class='ocrx_word' id='word_1_48' title='bbox 507 698 558 755; x_wconf 86' lang='lat' dir='ltr'>viri</span> <span class='ocrx_word' id='word_1_49' title='bbox 571 697 682 754; x_wconf 85' lang='lat' dir='ltr'>Carolus</span> <span class='ocrx_word' id='word_1_50' title='bbox 695 696 854 755; x_wconf 85' lang='lat' dir='ltr'>Dusrssnius</span> <span class='ocrx_word' id='word_1_51' title='bbox 865 703 894 758; x_wconf 76' lang='grc' dir='ltr'>δι</span> <span class='ocrx_word' id='word_1_52' title='bbox 905 703 1034 761; x_wconf 89' lang='lat' dir='ltr'>llenricus</span> <span class='ocrx_word' id='word_1_53' title='bbox 1040 704 1123 761; x_wconf 86' lang='lat' dir='ltr'>Noris</span> <span class='ocrx_word' id='word_1_54' title='bbox 1133 706 1202 765; x_wconf 88' lang='lat' dir='ltr'>hane</span> <span class='ocrx_word' id='word_1_55' title='bbox 1215 726 1276 765; x_wconf 88' lang='lat' dir='ltr'>iiia·</span> 
     </span>
     <span class='ocr_line' id='line_1_7' title="bbox 257 772 1277 850; baseline 0.008 -16"><span class='ocrx_word' id='word_1_56' title='bbox 257 778 354 834; x_wconf 92' lang='lat' dir='ltr'>teriam</span> <span class='ocrx_word' id='word_1_57' title='bbox 366 776 470 834; x_wconf 74' lang='lat' dir='ltr'>abunde</span> <span class='ocrx_word' id='word_1_58' title='bbox 480 773 662 850; x_wconf 63' lang='lat' dir='ltr'>trastarerinn¹</span> <span class='ocrx_word' id='word_1_59' title='bbox 683 772 727 833; x_wconf 94' lang='lat' dir='ltr'>ille</span> <span class='ocrx_word' id='word_1_60' title='bbox 740 775 769 832; x_wconf 92' lang='lat' dir='ltr'>in</span> <span class='ocrx_word' id='word_1_61' title='bbox 781 774 958 836; x_wconf 81' lang='lat' dir='ltr'>dissertatione</span> <span class='ocrx_word' id='word_1_62' title='bbox 970 779 1003 836; x_wconf 93' lang='lat' dir='ltr'>de</span> <span class='ocrx_word' id='word_1_63' title='bbox 1014 780 1221 839; x_wconf 89' lang='lat' dir='ltr'>numismatibus</span> <span class='ocrx_word' id='word_1_64' title='bbox 1233 786 1277 843; x_wconf 88' lang='lat' dir='ltr'>in·</span> 
     </span>
     <span class='ocr_line' id='line_1_8' title="bbox 258 851 1275 931; baseline 0.01 -22"><span class='ocrx_word' id='word_1_65' title='bbox 258 853 363 910; x_wconf 87' lang='lat' dir='ltr'>ferioris</span> <span class='ocrx_word' id='word_1_66' title='bbox 374 854 425 912; x_wconf 79' lang='lat' dir='ltr'>aevi</span> <span class='ocrx_word' id='word_1_67' title='bbox 436 891 445 918; x_wconf 89' lang='lat'>‚</span> <span class='ocrx_word' id='word_1_68' title='bbox 464 872 524 931; x_wconf 86' lang='lat' dir='ltr'>qnae</span> <span class='ocrx_word' id='word_1_69' title='bbox 536 851 594 927; x_wconf 90' lang='lat' dir='ltr'>post</span> <span class='ocrx_word' id='word_1_70' title='bbox 606 864 718 908; x_wconf 90' lang='lat' dir='ltr'>tomum</span> <span class='ocrx_word' id='word_1_71' title='bbox 729 851 842 909; x_wconf 80' lang='lat' dir='ltr'>tertium</span> <span class='ocrx_word' id='word_1_72' title='bbox 854 854 977 913; x_wconf 76' lang='lat' dir='ltr'>Gloss‘arii</span> <span class='ocrx_word' id='word_1_73' title='bbox 988 854 1058 914; x_wconf 82' lang='lat' dir='ltr'>edita</span> <span class='ocrx_word' id='word_1_74' title='bbox 1077 858 1114 914; x_wconf 91' lang='lat' dir='ltr'>est</span> <span class='ocrx_word' id='word_1_75' title='bbox 1129 898 1139 923; x_wconf 89' lang='lat'>‚</span> <span class='ocrx_word' id='word_1_76' title='bbox 1159 859 1224 916; x_wconf 88' lang='lat' dir='ltr'>alter</span> <span class='ocrx_word' id='word_1_77' title='bbox 1244 861 1275 919; x_wconf 92' lang='lat' dir='ltr'>in</span> 
     </span>
    </p>

    <p class='ocr_par' dir='ltr' id='par_1_4' title="bbox 220 928 1273 1158">
     <span class='ocr_line' id='line_1_9' title="bbox 220 928 1273 1020; baseline 0.003 -32"><span class='ocrx_word' id='word_1_78' title='bbox 220 942 234 969; x_wconf 82' lang='lat'>·&#39;</span> <span class='ocrx_word' id='word_1_79' title='bbox 257 930 436 989; x_wconf 84' lang='lat' dir='ltr'>dissertatione</span> <span class='ocrx_word' id='word_1_80' title='bbox 446 928 638 1006; x_wconf 83' lang='lat' dir='ltr'>chronologica</span> <span class='ocrx_word' id='word_1_81' title='bbox 648 928 681 985; x_wconf 93' lang='lat' dir='ltr'>de</span> <span class='ocrx_word' id='word_1_82' title='bbox 692 930 763 985; x_wconf 89' lang='lat' dir='ltr'>votis</span> <span class='ocrx_word' id='word_1_83' title='bbox 774 928 957 989; x_wconf 88' lang='lat' dir='ltr'>decennalibus</span> <span class='ocrx_word' id='word_1_84' title='bbox 970 972 978 996; x_wconf 93' lang='lat'><em>,</em></span> <span class='ocrx_word' id='word_1_85' title='bbox 998 950 1059 1020; x_wconf 76' lang='lat' dir='ltr'>quae</span> <span class='ocrx_word' id='word_1_86' title='bbox 1070 936 1141 993; x_wconf 88' lang='lat' dir='ltr'>edita</span> <span class='ocrx_word' id='word_1_87' title='bbox 1153 935 1189 992; x_wconf 89' lang='lat' dir='ltr'>est</span> <span class='ocrx_word' id='word_1_88' title='bbox 1207 954 1273 995; x_wconf 86' lang='lat' dir='ltr'>cum</span> 
     </span>
     <span class='ocr_line' id='line_1_10' title="bbox 255 1004 1273 1073; baseline 0.01 -10"><span class='ocrx_word' id='word_1_89' title='bbox 255 1007 436 1065; x_wconf 80' lang='lat' dir='ltr'>dissertatione</span> <span class='ocrx_word' id='word_1_90' title='bbox 447 1006 481 1064; x_wconf 91' lang='lat' dir='ltr'>de</span> <span class='ocrx_word' id='word_1_91' title='bbox 491 1005 595 1065; x_wconf 89' lang='lat' dir='ltr'>duobus</span> <span class='ocrx_word' id='word_1_92' title='bbox 607 1005 728 1061; x_wconf 83' lang='lat' dir='ltr'>nummis</span> <span class='ocrx_word' id='word_1_93' title='bbox 741 1004 942 1068; x_wconf 79' lang='lat' dir='ltr'>Diocletiani&amp;</span> <span class='ocrx_word' id='word_1_94' title='bbox 953 1009 1058 1065; x_wconf 88' lang='lat' dir='ltr'>Licinii.</span> <span class='ocrx_word' id='word_1_95' title='bbox 1098 1012 1170 1069; x_wconf 86' lang='lat' dir='ltr'>Vide</span> <span class='ocrx_word' id='word_1_96' title='bbox 1188 1014 1273 1073; x_wconf 82' lang='lat' dir='ltr'>etiam</span> 
     </span>
     <span class='ocr_line' id='line_1_11' title="bbox 256 1083 738 1158; baseline -0.008 -16"><span class='ocrx_word' id='word_1_97' title='bbox 256 1083 406 1142; x_wconf 72' lang='lat' dir='ltr'>ciuuboni</span> <span class='ocrx_word' id='word_1_98' title='bbox 419 1085 505 1140; x_wconf 88' lang='lat' dir='ltr'>Notas</span> <span class='ocrx_word' id='word_1_99' title='bbox 516 1084 546 1140; x_wconf 89' lang='lat' dir='ltr'>in</span> <span class='ocrx_word' id='word_1_100' title='bbox 559 1083 738 1158; x_wconf 79' lang='lat' dir='ltr'>spartianum.</span> 
     </span>
    </p>

    <p class='ocr_par' dir='ltr' id='par_1_5' title="bbox 255 1160 1273 1325">
     <span class='ocr_line' id='line_1_12' title="bbox 294 1160 1273 1250; baseline 0.006 -32"><span class='ocrx_word' id='word_1_101' title='bbox 294 1162 389 1250; x_wconf 84' lang='lat' dir='ltr'>Qion</span> <span class='ocrx_word' id='word_1_102' title='bbox 409 1181 472 1219; x_wconf 83' lang='lat' dir='ltr'>nox</span> <span class='ocrx_word' id='word_1_103' title='bbox 493 1178 574 1216; x_wconf 79' lang='lat' dir='ltr'>inas</span> <span class='ocrx_word' id='word_1_104' title='bbox 596 1160 861 1234; x_wconf 81' lang='lat' dir='ltr'>cxisriixruiius]</span> <span class='ocrx_word' id='word_1_105' title='bbox 883 1160 937 1218; x_wconf 89' lang='lat' dir='ltr'>Hic</span> <span class='ocrx_word' id='word_1_106' title='bbox 954 1160 1029 1221; x_wconf 88' lang='lat' dir='ltr'>locus</span> <span class='ocrx_word' id='word_1_107' title='bbox 1047 1162 1085 1220; x_wconf 87' lang='lat' dir='ltr'>est</span> <span class='ocrx_word' id='word_1_108' title='bbox 1104 1167 1197 1244; x_wconf 83' lang='lat' dir='ltr'>magni</span> <span class='ocrx_word' id='word_1_109' title='bbox 1207 1185 1273 1224; x_wconf 90' lang='lat' dir='ltr'>mo-</span> 
     </span>
     <span class='ocr_line' id='line_1_13' title="bbox 255 1232 1273 1325; baseline 0.005 -31"><span class='ocrx_word' id='word_1_110' title='bbox 255 1250 358 1300; x_wconf 82' lang='lat' dir='ltr'>menti,</span> <span class='ocrx_word' id='word_1_111' title='bbox 377 1234 443 1297; x_wconf 81' lang='lat' dir='ltr'>ciini</span> <span class='ocrx_word' id='word_1_112' title='bbox 454 1256 489 1293; x_wconf 91' lang='lat' dir='ltr'>ex</span> <span class='ocrx_word' id='word_1_113' title='bbox 501 1256 535 1296; x_wconf 88' lang='lat' dir='ltr'>eo</span> <span class='ocrx_word' id='word_1_114' title='bbox 547 1232 622 1294; x_wconf 78' lang='lat' dir='ltr'>certd</span> <span class='ocrx_word' id='word_1_115' title='bbox 634 1236 775 1325; x_wconf 85' lang='lat' dir='ltr'>colligatur</span> <span class='ocrx_word' id='word_1_116' title='bbox 787 1236 928 1295; x_wconf 83' lang='lat' dir='ltr'>Galerium</span> <span class='ocrx_word' id='word_1_117' title='bbox 933 1240 1133 1299; x_wconf 83' lang='lat' dir='ltr'>Maximianum</span> <span class='ocrx_word' id='word_1_118' title='bbox 1144 1261 1201 1300; x_wconf 92' lang='lat' dir='ltr'>non</span> <span class='ocrx_word' id='word_1_119' title='bbox 1211 1260 1273 1321; x_wconf 86' lang='lat' dir='ltr'>per-</span> 
     </span>
    </p>

    <p class='ocr_par' dir='ltr' id='par_1_6' title="bbox 114 1312 1273 1777">
     <span class='ocr_line' id='line_1_14' title="bbox 155 1312 1152 1395; baseline -0.005 -23"><span class='ocrx_word' id='word_1_120' title='bbox 155 1385 164 1391; x_wconf 20' lang='lat'><em>*</em></span> <span class='ocrx_word' id='word_1_121' title='bbox 256 1313 571 1395; x_wconf 81' lang='lat' dir='ltr'>venisseadvigesimum</span> <span class='ocrx_word' id='word_1_122' title='bbox 581 1332 684 1370; x_wconf 91' lang='lat' dir='ltr'>annum</span> <span class='ocrx_word' id='word_1_123' title='bbox 695 1314 803 1389; x_wconf 85' lang='lat' dir='ltr'>imperii</span> <span class='ocrx_word' id='word_1_124' title='bbox 816 1312 865 1370; x_wconf 89' lang='lat' dir='ltr'>sui.</span> <span class='ocrx_word' id='word_1_125' title='bbox 1146 1380 1152 1387; x_wconf 26' lang='grc' dir='ltr'>ι</span> 
     </span>
     <span class='ocr_line' id='line_1_15' title="bbox 114 1388 1271 1471; baseline 0.006 -25"><span class='ocrx_word' id='word_1_126' title='bbox 114 1390 192 1446; x_wconf 73' lang='lat' dir='ltr'>Cir.</span> <span class='ocrx_word' id='word_1_127' title='bbox 295 1393 479 1450; x_wconf 77' lang='lat' dir='ltr'>Maximinus</span> <span class='ocrx_word' id='word_1_128' title='bbox 503 1391 639 1464; x_wconf 77' lang='lat' dir='ltr'>rannus]</span> <span class='ocrx_word' id='word_1_129' title='bbox 662 1390 789 1447; x_wconf 88' lang='lat' dir='ltr'>Eusebius</span> <span class='ocrx_word' id='word_1_130' title='bbox 806 1388 852 1448; x_wconf 89' lang='lat' dir='ltr'>lib.</span> <span class='ocrx_word' id='word_1_131' title='bbox 866 1410 944 1451; x_wconf 78' lang='lat' dir='ltr'>viii.</span> <span class='ocrx_word' id='word_1_132' title='bbox 956 1413 1013 1471; x_wconf 89' lang='lat' dir='ltr'>cap.</span> <span class='ocrx_word' id='word_1_133' title='bbox 1026 1412 1105 1452; x_wconf 87' lang='lat' dir='ltr'>xiii.</span> <span class='ocrx_word' id='word_1_134' title='bbox 1140 1414 1210 1455; x_wconf 89' lang='lat' dir='ltr'>uum</span> <span class='ocrx_word' id='word_1_135' title='bbox 1228 1396 1271 1453; x_wconf 87' lang='lat' dir='ltr'>di-</span> 
     </span>
     <span class='ocr_line' id='line_1_16' title="bbox 114 1466 1273 1545; baseline 0.003 -18"><span class='ocrx_word' id='word_1_136' title='bbox 114 1466 232 1527; x_wconf 86' lang='lat' dir='ltr'>XXXII.</span> <span class='ocrx_word' id='word_1_137' title='bbox 255 1468 334 1527; x_wconf 83' lang='lat' dir='ltr'>xilset</span> <span class='ocrx_word' id='word_1_138' title='bbox 345 1468 483 1527; x_wconf 88' lang='lat' dir='ltr'>Licinium</span> <span class='ocrx_word' id='word_1_139' title='bbox 495 1472 524 1526; x_wconf 78' lang='grc' dir='ltr'>δι</span> <span class='ocrx_word' id='word_1_140' title='bbox 534 1470 729 1544; x_wconf 80' lang='lat' dir='ltr'>Imperatorem</span> <span class='ocrx_word' id='word_1_141' title='bbox 742 1470 769 1525; x_wconf 75' lang='grc' dir='ltr'>δι</span> <span class='ocrx_word' id='word_1_142' title='bbox 781 1466 934 1545; x_wconf 78' lang='lat' dir='ltr'>Augustum</span> <span class='ocrx_word' id='word_1_143' title='bbox 948 1468 1051 1529; x_wconf 73' lang='lat' dir='ltr'>fastum</span> <span class='ocrx_word' id='word_1_144' title='bbox 1063 1470 1103 1529; x_wconf 84' lang='lat' dir='ltr'>su&#39;</span> <span class='ocrx_word' id='word_1_145' title='bbox 1125 1491 1158 1535; x_wconf 88' lang='lat' dir='ltr'>e,</span> <span class='ocrx_word' id='word_1_146' title='bbox 1179 1473 1273 1531; x_wconf 75' lang='lat' dir='ltr'>addite</span> 
     </span>
     <span class='ocr_line' id='line_1_17' title="bbox 256 1544 1271 1631; baseline 0.002 -26"><span class='ocrx_word' id='word_1_147' title='bbox 256 1544 346 1631; x_wconf 63' lang='lat' dir='ltr'>Qd</span> <span class='ocrx_word' id='word_1_148' title='bbox 356 1548 461 1624; x_wconf 73' lang='lat' dir='ltr'>quidem</span> <span class='ocrx_word' id='word_1_149' title='bbox 471 1547 640 1603; x_wconf 63' lang='lat' dir='ltr'>Maximinis</span> <span class='ocrx_word' id='word_1_150' title='bbox 652 1545 714 1619; x_wconf 60' lang='lat' dir='ltr'>agri</span> <span class='ocrx_word' id='word_1_151' title='bbox 724 1545 865 1601; x_wconf 78' lang='lat' dir='ltr'>admodum</span> <span class='ocrx_word' id='word_1_152' title='bbox 875 1544 940 1601; x_wconf 83' lang='lat' dir='ltr'>tulit</span> <span class='ocrx_word' id='word_1_153' title='bbox 952 1585 960 1610; x_wconf 90' lang='lat'>‚</span> <span class='ocrx_word' id='word_1_154' title='bbox 979 1549 1024 1623; x_wconf 80' lang='lat' dir='ltr'>qui</span> <span class='ocrx_word' id='word_1_155' title='bbox 1043 1547 1165 1605; x_wconf 67' lang='lat' dir='ltr'>balianus</span> <span class='ocrx_word' id='word_1_156' title='bbox 1183 1551 1271 1625; x_wconf 76' lang='lat' dir='ltr'>Cesar</span> 
     </span>
     <span class='ocr_line' id='line_1_18' title="bbox 255 1622 1271 1705; baseline -0.001 -22"><span class='ocrx_word' id='word_1_157' title='bbox 255 1627 390 1683; x_wconf 76' lang='lat' dir='ltr'>duntaxat</span> <span class='ocrx_word' id='word_1_158' title='bbox 400 1624 434 1679; x_wconf 78' lang='lat' dir='ltr'>ab</span> <span class='ocrx_word' id='word_1_159' title='bbox 444 1622 560 1682; x_wconf 74' lang='lat' dir='ltr'>maritus</span> <span class='ocrx_word' id='word_1_160' title='bbox 570 1641 588 1679; x_wconf 82' lang='lat' dir='ltr'>a</span> <span class='ocrx_word' id='word_1_161' title='bbox 600 1622 754 1697; x_wconf 78' lang='lat' dir='ltr'>pedabatur.</span> <span class='ocrx_word' id='word_1_162' title='bbox 793 1622 843 1675; x_wconf 82' lang='lat' dir='ltr'>Hir</span> <span class='ocrx_word' id='word_1_163' title='bbox 861 1640 918 1696; x_wconf 83' lang='lat' dir='ltr'>erga</span> <span class='ocrx_word' id='word_1_164' title='bbox 927 1632 976 1697; x_wconf 76' lang='lat' dir='ltr'>pra</span> <span class='ocrx_word' id='word_1_165' title='bbox 987 1624 1075 1681; x_wconf 75' lang='lat' dir='ltr'>ceteris</span> <span class='ocrx_word' id='word_1_166' title='bbox 1086 1628 1217 1705; x_wconf 80' lang='lat' dir='ltr'>tyrannico</span> <span class='ocrx_word' id='word_1_167' title='bbox 1228 1627 1271 1683; x_wconf 83' lang='lat' dir='ltr'>ia-</span> 
     </span>
     <span class='ocr_line' id='line_1_19' title="bbox 249 1698 1018 1777; baseline -0.005 -18"><span class='ocrx_word' id='word_1_168' title='bbox 249 1702 324 1777; x_wconf 80' lang='lat' dir='ltr'>gem&#39;o</span> <span class='ocrx_word' id='word_1_169' title='bbox 332 1702 468 1776; x_wconf 70' lang='lat' dir='ltr'>preditus,</span> <span class='ocrx_word' id='word_1_170' title='bbox 488 1706 571 1775; x_wconf 81' lang='lat' dir='ltr'>Augu</span> <span class='ocrx_word' id='word_1_171' title='bbox 591 1716 622 1754; x_wconf 78' lang='lat' dir='ltr'>ua</span> <span class='ocrx_word' id='word_1_172' title='bbox 633 1698 791 1775; x_wconf 56' lang='lat' dir='ltr'>&amp;semetipsa</span> <span class='ocrx_word' id='word_1_173' title='bbox 802 1701 965 1754; x_wconf 81' lang='lat' dir='ltr'>renuntiatus</span> <span class='ocrx_word' id='word_1_174' title='bbox 978 1698 1018 1772; x_wconf 79' lang='lat' dir='ltr'>est.</span> 
     </span>
    </p>

    <p class='ocr_par' dir='ltr' id='par_1_7' title="bbox 292 1773 1189 1853">
     <span class='ocr_line' id='line_1_20' title="bbox 292 1773 1189 1853; baseline -0.001 -19"><span class='ocrx_word' id='word_1_175' title='bbox 292 1780 417 1835; x_wconf 83' lang='lat' dir='ltr'>Mirria</span> <span class='ocrx_word' id='word_1_176' title='bbox 439 1776 534 1849; x_wconf 81' lang='lat' dir='ltr'>sano]</span> <span class='ocrx_word' id='word_1_177' title='bbox 555 1773 927 1834; x_wconf 82' lang='lat' dir='ltr'>GaleriusadMaximinum‚</span> <span class='ocrx_word' id='word_1_178' title='bbox 946 1786 978 1831; x_wconf 92' lang='lat' dir='ltr'>ut</span> <span class='ocrx_word' id='word_1_179' title='bbox 990 1775 1189 1853; x_wconf 86' lang='lat' dir='ltr'>eumplacaret.</span> 
     </span>
    </p>

    <p class='ocr_par' dir='ltr' id='par_1_8' title="bbox 253 1850 1339 2003">
     <span class='ocr_line' id='line_1_21' title="bbox 294 1850 1339 1929; baseline 0.002 -18"><span class='ocrx_word' id='word_1_180' title='bbox 294 1854 456 1911; x_wconf 81' lang='lat' dir='ltr'>Disrosir.</span> <span class='ocrx_word' id='word_1_181' title='bbox 476 1871 555 1910; x_wconf 80' lang='lat' dir='ltr'>suisa</span> <span class='ocrx_word' id='word_1_182' title='bbox 576 1850 709 1923; x_wconf 75' lang='lat' dir='ltr'>suavis]</span> <span class='ocrx_word' id='word_1_183' title='bbox 730 1870 784 1929; x_wconf 90' lang='lat' dir='ltr'>qua</span> <span class='ocrx_word' id='word_1_184' title='bbox 796 1851 932 1908; x_wconf 90' lang='lat' dir='ltr'>Licinium</span> <span class='ocrx_word' id='word_1_185' title='bbox 950 1864 1068 1909; x_wconf 84' lang='lat' dir='ltr'>veterem</span> <span class='ocrx_word' id='word_1_186' title='bbox 1087 1856 1267 1917; x_wconf 89' lang='lat' dir='ltr'>contuberna-</span> <span class='ocrx_word' id='word_1_187' title='bbox 1335 1856 1339 1873; x_wconf 82' lang='lat'>¹</span> 
     </span>
     <span class='ocr_line' id='line_1_22' title="bbox 253 1925 1102 2003; baseline 0.001 -16"><span class='ocrx_word' id='word_1_188' title='bbox 253 1928 310 1989; x_wconf 86' lang='lat' dir='ltr'>lein</span> <span class='ocrx_word' id='word_1_189' title='bbox 321 1934 349 1989; x_wconf 70' lang='grc' dir='ltr'>δε</span> <span class='ocrx_word' id='word_1_190' title='bbox 362 1931 480 1989; x_wconf 75' lang='lat' dir='ltr'>vitioriae</span> <span class='ocrx_word' id='word_1_191' title='bbox 491 1930 596 1988; x_wconf 89' lang='lat' dir='ltr'>socium</span> <span class='ocrx_word' id='word_1_192' title='bbox 608 1928 704 1985; x_wconf 88' lang='lat' dir='ltr'>fecerat</span> <span class='ocrx_word' id='word_1_193' title='bbox 718 1929 912 2003; x_wconf 84' lang='lat' dir='ltr'>Imperatorem</span> <span class='ocrx_word' id='word_1_194' title='bbox 923 1925 1029 1987; x_wconf 87' lang='lat' dir='ltr'>secundi</span> <span class='ocrx_word' id='word_1_195' title='bbox 1040 1929 1102 1988; x_wconf 90' lang='lat' dir='ltr'>loci.</span> 
     </span>
    </p>

    <p class='ocr_par' dir='ltr' id='par_1_9' title="bbox 239 2003 1270 2850">
     <span class='ocr_line' id='line_1_23' title="bbox 239 2003 1267 2085; baseline -0.001 -21"><span class='ocrx_word' id='word_1_196' title='bbox 239 2004 243 2013; x_wconf 82' lang='lat'>&#39;</span> <span class='ocrx_word' id='word_1_197' title='bbox 292 2010 440 2065; x_wconf 80' lang='lat' dir='ltr'>Darsnir</span> <span class='ocrx_word' id='word_1_198' title='bbox 461 2008 577 2083; x_wconf 78' lang='lat' dir='ltr'>arxis]</span> <span class='ocrx_word' id='word_1_199' title='bbox 599 2006 713 2062; x_wconf 66' lang='lat' dir='ltr'>Didium</span> <span class='ocrx_word' id='word_1_200' title='bbox 725 2003 754 2061; x_wconf 92' lang='lat' dir='ltr'>id</span> <span class='ocrx_word' id='word_1_201' title='bbox 765 2016 873 2081; x_wconf 87' lang='lat' dir='ltr'>propter</span> <span class='ocrx_word' id='word_1_202' title='bbox 885 2004 1039 2066; x_wconf 83' lang='lat' dir='ltr'>Galerium,</span> <span class='ocrx_word' id='word_1_203' title='bbox 1057 2008 1105 2085; x_wconf 91' lang='lat' dir='ltr'>qui</span> <span class='ocrx_word' id='word_1_204' title='bbox 1117 2006 1267 2067; x_wconf 83' lang='lat' dir='ltr'>senexerat.</span> 
     </span>
     <span class='ocr_line' id='line_1_24' title="bbox 253 2078 1270 2161; baseline 0.002 -22"><span class='ocrx_word' id='word_1_205' title='bbox 253 2084 329 2143; x_wconf 90' lang='lat' dir='ltr'>Nam</span> <span class='ocrx_word' id='word_1_206' title='bbox 340 2084 374 2142; x_wconf 92' lang='lat' dir='ltr'>de</span> <span class='ocrx_word' id='word_1_207' title='bbox 385 2083 491 2143; x_wconf 89' lang='lat' dir='ltr'>Licinio</span> <span class='ocrx_word' id='word_1_208' title='bbox 501 2103 557 2142; x_wconf 90' lang='lat' dir='ltr'>non</span> <span class='ocrx_word' id='word_1_209' title='bbox 569 2081 642 2159; x_wconf 81' lang='lat' dir='ltr'>posse</span> <span class='ocrx_word' id='word_1_210' title='bbox 653 2080 768 2159; x_wconf 87' lang='lat' dir='ltr'>intelligi</span> <span class='ocrx_word' id='word_1_211' title='bbox 779 2080 842 2139; x_wconf 90' lang='lat' dir='ltr'>hinc</span> <span class='ocrx_word' id='word_1_212' title='bbox 859 2092 932 2156; x_wconf 88' lang='lat' dir='ltr'>patet</span> <span class='ocrx_word' id='word_1_213' title='bbox 949 2078 1023 2159; x_wconf 76' lang='lat' dir='ltr'>quod</span> <span class='ocrx_word' id='word_1_214' title='bbox 1044 2103 1131 2161; x_wconf 89' lang='lat' dir='ltr'>quum</span> <span class='ocrx_word' id='word_1_215' title='bbox 1150 2086 1270 2151; x_wconf 79' lang='lat' dir='ltr'>interiit,</span> 
     </span>
     <span class='ocr_line' id='line_1_25' title="bbox 252 2158 1269 2237; baseline 0 -18"><span class='ocrx_word' id='word_1_216' title='bbox 252 2161 375 2219; x_wconf 91' lang='lat' dir='ltr'>nondum</span> <span class='ocrx_word' id='word_1_217' title='bbox 387 2176 443 2218; x_wconf 90' lang='lat' dir='ltr'>erat</span> <span class='ocrx_word' id='word_1_218' title='bbox 453 2160 642 2237; x_wconf 80' lang='lat' dir='ltr'>sexagenarius.</span> <span class='ocrx_word' id='word_1_219' title='bbox 682 2158 809 2235; x_wconf 83' lang='lat' dir='ltr'>Epitome</span> <span class='ocrx_word' id='word_1_220' title='bbox 826 2158 962 2215; x_wconf 74' lang='lat' dir='ltr'>Vistoris:</span> <span class='ocrx_word' id='word_1_221' title='bbox 982 2162 1034 2215; x_wconf 80' lang='lat' dir='ltr'>Hic</span> <span class='ocrx_word' id='word_1_222' title='bbox 1044 2163 1157 2219; x_wconf 78' lang='lat' dir='ltr'>Licinius</span> <span class='ocrx_word' id='word_1_223' title='bbox 1168 2180 1269 2219; x_wconf 68' lang='lat' dir='ltr'>aarum</span> 
     </span>
     <span class='ocr_line' id='line_1_26' title="bbox 253 2234 1267 2316; baseline -0.002 -20"><span class='ocrx_word' id='word_1_224' title='bbox 253 2239 431 2298; x_wconf 65' lang='lat' dir='ltr'>ammirans</span> <span class='ocrx_word' id='word_1_225' title='bbox 440 2237 500 2316; x_wconf 68' lang='lat' dir='ltr'>[erl</span> <span class='ocrx_word' id='word_1_226' title='bbox 513 2235 563 2313; x_wconf 75' lang='lat' dir='ltr'>post</span> <span class='ocrx_word' id='word_1_227' title='bbox 580 2240 582 2245; x_wconf 76' lang='grc'>’</span> <span class='ocrx_word' id='word_1_228' title='bbox 619 2239 624 2249; x_wconf 90' lang='grc'><strong>’</strong></span> <span class='ocrx_word' id='word_1_229' title='bbox 718 2238 844 2297; x_wconf 76' lang='lat' dir='ltr'>ssimum.</span> <span class='ocrx_word' id='word_1_230' title='bbox 865 2237 926 2293; x_wconf 77' lang='lat' dir='ltr'>vita</span> <span class='ocrx_word' id='word_1_231' title='bbox 972 2238 1055 2294; x_wconf 73' lang='lat' dir='ltr'>oxtml</span> <span class='ocrx_word' id='word_1_232' title='bbox 1080 2234 1267 2313; x_wconf 77' lang='lat' dir='ltr'>exageſsmum,</span> 
     </span>
     <span class='ocr_line' id='line_1_27' title="bbox 253 2246 1270 2400; baseline 0.002 -29"><span class='ocrx_word' id='word_1_233' title='bbox 253 2318 384 2373; x_wconf 79' lang='lat' dir='ltr'>occiditur.</span> <span class='ocrx_word' id='word_1_234' title='bbox 425 2318 456 2372; x_wconf 92' lang='lat' dir='ltr'>ln</span> <span class='ocrx_word' id='word_1_235' title='bbox 470 2314 548 2372; x_wconf 87' lang='lat' dir='ltr'>Fastis</span> <span class='ocrx_word' id='word_1_236' title='bbox 560 2317 572 2371; x_wconf 97' lang='lat' dir='ltr'>l</span> <span class='ocrx_word' id='word_1_237' title='bbox 604 2314 683 2371; x_wconf 86' lang='lat' dir='ltr'>tianis</span> <span class='ocrx_word' id='word_1_238' title='bbox 693 2311 903 2400; x_wconf 65' lang='lat' dir='ltr'>occisusdicitur</span> <span class='ocrx_word' id='word_1_239' title='bbox 914 2246 1056 2399; x_wconf 47' lang='lat' dir='ltr'>sui&#39;consu</span> <span class='ocrx_word' id='word_1_240' title='bbox 1067 2327 1113 2371; x_wconf 87' lang='lat' dir='ltr'>atu</span> <span class='ocrx_word' id='word_1_241' title='bbox 1125 2314 1270 2373; x_wconf 79' lang='lat' dir='ltr'>Paulini&amp;</span> 
     </span>
     <span class='ocr_line' id='line_1_28' title="bbox 253 2387 1268 2469; baseline 0.003 -23"><span class='ocrx_word' id='word_1_242' title='bbox 253 2389 368 2467; x_wconf 78' lang='lat' dir='ltr'>juliani,</span> <span class='ocrx_word' id='word_1_243' title='bbox 386 2393 434 2469; x_wconf 90' lang='lat' dir='ltr'>qui</span> <span class='ocrx_word' id='word_1_244' title='bbox 447 2393 475 2449; x_wconf 93' lang='lat' dir='ltr'>in</span> <span class='ocrx_word' id='word_1_245' title='bbox 486 2410 586 2449; x_wconf 91' lang='lat' dir='ltr'>annum</span> <span class='ocrx_word' id='word_1_246' title='bbox 599 2409 710 2449; x_wconf 85' lang='lat' dir='ltr'>occxxv.</span> <span class='ocrx_word' id='word_1_247' title='bbox 724 2390 825 2447; x_wconf 81' lang='lat' dir='ltr'>incidit.</span> <span class='ocrx_word' id='word_1_248' title='bbox 866 2387 944 2445; x_wconf 91' lang='lat' dir='ltr'>Obiit</span> <span class='ocrx_word' id='word_1_249' title='bbox 956 2401 1046 2445; x_wconf 90' lang='lat' dir='ltr'>antem</span> <span class='ocrx_word' id='word_1_250' title='bbox 1058 2388 1106 2448; x_wconf 89' lang='lat' dir='ltr'>sub</span> <span class='ocrx_word' id='word_1_251' title='bbox 1125 2389 1209 2447; x_wconf 86' lang='lat' dir='ltr'>finem</span> <span class='ocrx_word' id='word_1_252' title='bbox 1220 2410 1268 2449; x_wconf 89' lang='lat' dir='ltr'>an-</span> 
     </span>
     <span class='ocr_line' id='line_1_29' title="bbox 254 2464 1265 2543; baseline 0.002 -22"><span class='ocrx_word' id='word_1_253' title='bbox 254 2466 292 2521; x_wconf 92' lang='lat' dir='ltr'>ni.</span> <span class='ocrx_word' id='word_1_254' title='bbox 332 2468 363 2523; x_wconf 90' lang='lat' dir='ltr'>In</span> <span class='ocrx_word' id='word_1_255' title='bbox 374 2466 527 2543; x_wconf 88' lang='lat' dir='ltr'>fragmento</span> <span class='ocrx_word' id='word_1_256' title='bbox 538 2468 571 2525; x_wconf 86' lang='lat' dir='ltr'>de</span> <span class='ocrx_word' id='word_1_257' title='bbox 583 2468 740 2525; x_wconf 81' lang='lat' dir='ltr'>Constantio</span> <span class='ocrx_word' id='word_1_258' title='bbox 752 2464 857 2522; x_wconf 88' lang='lat' dir='ltr'>Chloro</span> <span class='ocrx_word' id='word_1_259' title='bbox 868 2464 966 2520; x_wconf 88' lang='lat' dir='ltr'>dicitur</span> <span class='ocrx_word' id='word_1_260' title='bbox 977 2464 1093 2543; x_wconf 76' lang='lat' dir='ltr'>regnasse</span> <span class='ocrx_word' id='word_1_261' title='bbox 1104 2484 1188 2523; x_wconf 91' lang='lat' dir='ltr'>annos</span> <span class='ocrx_word' id='word_1_262' title='bbox 1201 2486 1265 2525; x_wconf 86' lang='lat' dir='ltr'>xix.</span> 
     </span>
     <span class='ocr_line' id='line_1_30' title="bbox 253 2540 1266 2621; baseline 0.002 -23"><span class='ocrx_word' id='word_1_263' title='bbox 253 2540 313 2598; x_wconf 87' lang='lat' dir='ltr'>filio</span> <span class='ocrx_word' id='word_1_264' title='bbox 324 2544 449 2599; x_wconf 88' lang='lat' dir='ltr'>&amp;uxore</span> <span class='ocrx_word' id='word_1_265' title='bbox 458 2542 645 2617; x_wconf 81' lang='lat' dir='ltr'>superstitibus.</span> <span class='ocrx_word' id='word_1_266' title='bbox 684 2544 769 2621; x_wconf 84' lang='lat' dir='ltr'>Qod</span> <span class='ocrx_word' id='word_1_267' title='bbox 788 2559 884 2598; x_wconf 91' lang='lat' dir='ltr'>verum</span> <span class='ocrx_word' id='word_1_268' title='bbox 901 2558 936 2597; x_wconf 90' lang='lat' dir='ltr'>ex</span> <span class='ocrx_word' id='word_1_269' title='bbox 955 2542 1034 2597; x_wconf 90' lang='lat' dir='ltr'>omni</span> <span class='ocrx_word' id='word_1_270' title='bbox 1051 2554 1125 2617; x_wconf 87' lang='lat' dir='ltr'>parte</span> <span class='ocrx_word' id='word_1_271' title='bbox 1144 2560 1200 2600; x_wconf 90' lang='lat' dir='ltr'>non</span> <span class='ocrx_word' id='word_1_272' title='bbox 1220 2544 1266 2602; x_wconf 88' lang='lat' dir='ltr'>est.</span> 
     </span>
     <span class='ocr_line' id='line_1_31' title="bbox 253 2615 1266 2705; baseline 0.003 -31"><span class='ocrx_word' id='word_1_273' title='bbox 253 2618 328 2675; x_wconf 89' lang='lat' dir='ltr'>Nam</span> <span class='ocrx_word' id='word_1_274' title='bbox 340 2617 373 2674; x_wconf 93' lang='lat' dir='ltr'>ab</span> <span class='ocrx_word' id='word_1_275' title='bbox 383 2634 454 2674; x_wconf 91' lang='lat' dir='ltr'>anno</span> <span class='ocrx_word' id='word_1_276' title='bbox 464 2635 562 2674; x_wconf 85' lang='lat' dir='ltr'>cccvii.</span> <span class='ocrx_word' id='word_1_277' title='bbox 574 2630 690 2673; x_wconf 88' lang='lat' dir='ltr'>exeunte</span> <span class='ocrx_word' id='word_1_278' title='bbox 701 2620 784 2705; x_wconf 68' lang='lat' dir='ltr'>nique</span> <span class='ocrx_word' id='word_1_279' title='bbox 796 2618 829 2675; x_wconf 88' lang='lat' dir='ltr'>ad</span> <span class='ocrx_word' id='word_1_280' title='bbox 841 2635 945 2675; x_wconf 88' lang='lat' dir='ltr'>annum</span> <span class='ocrx_word' id='word_1_281' title='bbox 962 2615 1090 2675; x_wconf 70' lang='lat' dir='ltr'>ccsxxiv.</span> <span class='ocrx_word' id='word_1_282' title='bbox 1111 2636 1168 2696; x_wconf 90' lang='lat' dir='ltr'>quo</span> <span class='ocrx_word' id='word_1_283' title='bbox 1180 2622 1213 2679; x_wconf 90' lang='lat' dir='ltr'>ad</span> <span class='ocrx_word' id='word_1_284' title='bbox 1225 2622 1266 2677; x_wconf 90' lang='lat' dir='ltr'>vi-</span> 
     </span>
     <span class='ocr_line' id='line_1_32' title="bbox 252 2691 1269 2769; baseline 0.002 -17"><span class='ocrx_word' id='word_1_285' title='bbox 252 2706 310 2752; x_wconf 88' lang='lat' dir='ltr'>tam</span> <span class='ocrx_word' id='word_1_286' title='bbox 320 2694 451 2769; x_wconf 85' lang='lat' dir='ltr'>privatam</span> <span class='ocrx_word' id='word_1_287' title='bbox 465 2691 555 2751; x_wconf 91' lang='lat' dir='ltr'>mense</span> <span class='ocrx_word' id='word_1_288' title='bbox 566 2693 681 2749; x_wconf 75' lang='lat' dir='ltr'>ostobri</span> <span class='ocrx_word' id='word_1_289' title='bbox 692 2694 772 2748; x_wconf 87' lang='lat' dir='ltr'>rediit</span> <span class='ocrx_word' id='word_1_290' title='bbox 783 2696 870 2751; x_wconf 74' lang='lat' dir='ltr'>xistus</span> <span class='ocrx_word' id='word_1_291' title='bbox 881 2691 897 2750; x_wconf 77' lang='lat' dir='ltr'>a</span> <span class='ocrx_word' id='word_1_292' title='bbox 909 2694 1101 2759; x_wconf 85' lang='lat' dir='ltr'>Constantino,</span> <span class='ocrx_word' id='word_1_293' title='bbox 1121 2714 1269 2754; x_wconf 77' lang='lat' dir='ltr'>numeran-</span> 
     </span>
     <span class='ocr_line' id='line_1_33' title="bbox 254 2765 1268 2850; baseline 0.004 -23"><span class='ocrx_word' id='word_1_294' title='bbox 254 2782 300 2827; x_wconf 89' lang='lat' dir='ltr'>tur</span> <span class='ocrx_word' id='word_1_295' title='bbox 311 2770 373 2827; x_wconf 91' lang='lat' dir='ltr'>anni</span> <span class='ocrx_word' id='word_1_296' title='bbox 386 2766 493 2829; x_wconf 77' lang='lat' dir='ltr'>tantilm</span> <span class='ocrx_word' id='word_1_297' title='bbox 511 2787 590 2826; x_wconf 82' lang='lat' dir='ltr'>xvir.</span> <span class='ocrx_word' id='word_1_298' title='bbox 630 2765 716 2844; x_wconf 72' lang='lat' dir='ltr'>Qdd</span> <span class='ocrx_word' id='word_1_299' title='bbox 728 2767 749 2823; x_wconf 85' lang='lat' dir='ltr'>fi</span> <span class='ocrx_word' id='word_1_300' title='bbox 761 2786 833 2824; x_wconf 89' lang='lat' dir='ltr'>anno</span> <span class='ocrx_word' id='word_1_301' title='bbox 845 2788 976 2830; x_wconf 81' lang='lat' dir='ltr'>cccxxiv.</span> <span class='ocrx_word' id='word_1_302' title='bbox 996 2790 1083 2850; x_wconf 89' lang='lat' dir='ltr'>quum</span> <span class='ocrx_word' id='word_1_303' title='bbox 1094 2786 1183 2849; x_wconf 85' lang='lat' dir='ltr'>ageret</span> <span class='ocrx_word' id='word_1_304' title='bbox 1194 2772 1268 2832; x_wconf 88' lang='lat' dir='ltr'>deci-</span> 
     </span>
    </p>

    <p class='ocr_par' dir='ltr' id='par_1_10' title="bbox 208 2842 1267 3154">
     <span class='ocr_line' id='line_1_34' title="bbox 208 2842 1267 2925; baseline 0.001 -19"><span class='ocrx_word' id='word_1_305' title='bbox 208 2909 213 2914; x_wconf 64' lang='lat'><em>,</em></span> <span class='ocrx_word' id='word_1_306' title='bbox 252 2846 480 2925; x_wconf 89' lang='lat' dir='ltr'>mumseptimum</span> <span class='ocrx_word' id='word_1_307' title='bbox 491 2846 598 2923; x_wconf 88' lang='lat' dir='ltr'>imperii</span> <span class='ocrx_word' id='word_1_308' title='bbox 608 2842 649 2903; x_wconf 90' lang='lat' dir='ltr'>sui</span> <span class='ocrx_word' id='word_1_309' title='bbox 660 2862 775 2903; x_wconf 84' lang='lat' dir='ltr'>annum.</span> <span class='ocrx_word' id='word_1_310' title='bbox 795 2844 920 2901; x_wconf 87' lang='lat' dir='ltr'>nonduin</span> <span class='ocrx_word' id='word_1_311' title='bbox 933 2860 1010 2905; x_wconf 87' lang='lat' dir='ltr'>natus</span> <span class='ocrx_word' id='word_1_312' title='bbox 1028 2861 1084 2905; x_wconf 87' lang='lat' dir='ltr'>erat</span> <span class='ocrx_word' id='word_1_313' title='bbox 1096 2868 1197 2906; x_wconf 89' lang='lat' dir='ltr'>annum</span> <span class='ocrx_word' id='word_1_314' title='bbox 1203 2862 1267 2908; x_wconf 83' lang='lat' dir='ltr'>aeta-</span> 
     </span>
     <span class='ocr_line' id='line_1_35' title="bbox 253 2918 1267 3005; baseline 0 -22"><span class='ocrx_word' id='word_1_315' title='bbox 253 2926 288 2983; x_wconf 88' lang='lat' dir='ltr'>tis</span> <span class='ocrx_word' id='word_1_316' title='bbox 298 2924 351 2983; x_wconf 87' lang='lat' dir='ltr'>suae</span> <span class='ocrx_word' id='word_1_317' title='bbox 362 2924 556 3005; x_wconf 79' lang='lat' dir='ltr'>sexagesimum</span> <span class='ocrx_word' id='word_1_318' title='bbox 569 2962 578 2989; x_wconf 90' lang='lat'>‚</span> <span class='ocrx_word' id='word_1_319' title='bbox 597 2923 654 2998; x_wconf 80' lang='lat' dir='ltr'>jam</span> <span class='ocrx_word' id='word_1_320' title='bbox 669 2921 772 2981; x_wconf 86' lang='lat' dir='ltr'>constat</span> <span class='ocrx_word' id='word_1_321' title='bbox 784 2938 850 2979; x_wconf 89' lang='lat' dir='ltr'>euni</span> <span class='ocrx_word' id='word_1_322' title='bbox 862 2918 967 2981; x_wconf 72' lang='lat' dir='ltr'>fastum</span> <span class='ocrx_word' id='word_1_323' title='bbox 979 2923 1056 2983; x_wconf 83' lang='lat' dir='ltr'>fnisse</span> <span class='ocrx_word' id='word_1_324' title='bbox 1074 2926 1267 3001; x_wconf 87' lang='lat' dir='ltr'>Imperatorem</span> 
     </span>
     <span class='ocr_line' id='line_1_36' title="bbox 254 2999 1266 3080; baseline 0.002 -19"><span class='ocrx_word' id='word_1_325' title='bbox 254 3022 326 3061; x_wconf 92' lang='lat' dir='ltr'>anno</span> <span class='ocrx_word' id='word_1_326' title='bbox 337 3003 441 3063; x_wconf 86' lang='lat' dir='ltr'>circiter</span> <span class='ocrx_word' id='word_1_327' title='bbox 451 3002 534 3060; x_wconf 83' lang='lat' dir='ltr'>aetatis</span> <span class='ocrx_word' id='word_1_328' title='bbox 544 2999 813 3079; x_wconf 79' lang='lat' dir='ltr'>suaquadragesiino.</span> <span class='ocrx_word' id='word_1_329' title='bbox 853 2999 1010 3080; x_wconf 86' lang='lat' dir='ltr'>ltaquequae</span> <span class='ocrx_word' id='word_1_330' title='bbox 1022 3002 1056 3061; x_wconf 89' lang='lat' dir='ltr'>de</span> <span class='ocrx_word' id='word_1_331' title='bbox 1068 3002 1140 3061; x_wconf 86' lang='lat' dir='ltr'>canis</span> <span class='ocrx_word' id='word_1_332' title='bbox 1151 3001 1212 3062; x_wconf 90' lang='lat' dir='ltr'>heic</span> <span class='ocrx_word' id='word_1_333' title='bbox 1224 3006 1266 3063; x_wconf 86' lang='lat' dir='ltr'>di-</span> 
     </span>
     <span class='ocr_line' id='line_1_37' title="bbox 254 3076 790 3154; baseline -0.006 -17"><span class='ocrx_word' id='word_1_334' title='bbox 254 3093 365 3146; x_wconf 86' lang='lat' dir='ltr'>cuntur,</span> <span class='ocrx_word' id='word_1_335' title='bbox 384 3081 417 3139; x_wconf 89' lang='lat' dir='ltr'>ad</span> <span class='ocrx_word' id='word_1_336' title='bbox 428 3099 492 3140; x_wconf 89' lang='lat' dir='ltr'>eum</span> <span class='ocrx_word' id='word_1_337' title='bbox 504 3076 596 3137; x_wconf 88' lang='lat' dir='ltr'>referri</span> <span class='ocrx_word' id='word_1_338' title='bbox 607 3097 663 3135; x_wconf 90' lang='lat' dir='ltr'>non</span> <span class='ocrx_word' id='word_1_339' title='bbox 673 3077 790 3154; x_wconf 83' lang='lat' dir='ltr'>polluat.</span> 
     </span>
    </p>

    <p class='ocr_par' dir='ltr' id='par_1_11' title="bbox 253 3154 1268 3695">
     <span class='ocr_line' id='line_1_38' title="bbox 291 3154 1266 3233; baseline 0.002 -18"><span class='ocrx_word' id='word_1_340' title='bbox 291 3161 418 3215; x_wconf 84' lang='lat' dir='ltr'>Toiiir</span> <span class='ocrx_word' id='word_1_341' title='bbox 440 3175 593 3215; x_wconf 71' lang='lat' dir='ltr'>carinux</span> <span class='ocrx_word' id='word_1_342' title='bbox 613 3156 740 3228; x_wconf 79' lang='lat' dir='ltr'>nonin]</span> <span class='ocrx_word' id='word_1_343' title='bbox 763 3172 819 3212; x_wconf 88' lang='lat' dir='ltr'>iion</span> <span class='ocrx_word' id='word_1_344' title='bbox 836 3154 947 3233; x_wconf 89' lang='lat' dir='ltr'>quidem</span> <span class='ocrx_word' id='word_1_345' title='bbox 966 3166 996 3211; x_wconf 88' lang='lat' dir='ltr'>ut</span> <span class='ocrx_word' id='word_1_346' title='bbox 1014 3174 1116 3213; x_wconf 90' lang='lat' dir='ltr'>nomen</span> <span class='ocrx_word' id='word_1_347' title='bbox 1129 3156 1266 3217; x_wconf 80' lang='lat' dir='ltr'>Caesarum</span> 
     </span>
     <span class='ocr_line' id='line_1_39' title="bbox 253 3228 1267 3313; baseline 0.002 -22"><span class='ocrx_word' id='word_1_348' title='bbox 253 3235 370 3293; x_wconf 89' lang='lat' dir='ltr'>aboleret</span> <span class='ocrx_word' id='word_1_349' title='bbox 382 3274 390 3295; x_wconf 88' lang='lat'><strong>.</strong></span> <span class='ocrx_word' id='word_1_350' title='bbox 409 3234 485 3313; x_wconf 90' lang='lat' dir='ltr'>quod</span> <span class='ocrx_word' id='word_1_351' title='bbox 495 3236 669 3310; x_wconf 87' lang='lat' dir='ltr'>Imperatores</span> <span class='ocrx_word' id='word_1_352' title='bbox 680 3232 783 3307; x_wconf 88' lang='lat' dir='ltr'>semper</span> <span class='ocrx_word' id='word_1_353' title='bbox 793 3233 961 3288; x_wconf 89' lang='lat' dir='ltr'>retinuerunt</span> <span class='ocrx_word' id='word_1_354' title='bbox 972 3269 981 3294; x_wconf 93' lang='lat'>,</span> <span class='ocrx_word' id='word_1_355' title='bbox 1000 3228 1044 3287; x_wconf 89' lang='lat' dir='ltr'>sed</span> <span class='ocrx_word' id='word_1_356' title='bbox 1057 3244 1088 3287; x_wconf 92' lang='lat' dir='ltr'>ut</span> <span class='ocrx_word' id='word_1_357' title='bbox 1100 3232 1133 3289; x_wconf 88' lang='lat' dir='ltr'>ab</span> <span class='ocrx_word' id='word_1_358' title='bbox 1145 3252 1180 3291; x_wconf 89' lang='lat' dir='ltr'>eo</span> <span class='ocrx_word' id='word_1_359' title='bbox 1191 3236 1267 3293; x_wconf 71' lang='lat' dir='ltr'>dein«</span> 
     </span>
     <span class='ocr_line' id='line_1_40' title="bbox 253 3306 1268 3461; baseline 0.003 -17"><span class='ocrx_word' id='word_1_360' title='bbox 253 3310 538 3445; x_wconf 56' lang='lat' dir='ltr'>iffistlffiiiss</span> <span class='ocrx_word' id='word_1_361' title='bbox 547 3306 843 3461; x_wconf 46' lang='lat' dir='ltr'>similis</span> <span class='ocrx_word' id='word_1_362' title='bbox 853 3306 1113 3441; x_wconf 56' lang='lat' dir='ltr'>ltllz‘ltlilt</span> <span class='ocrx_word' id='word_1_363' title='bbox 1123 3308 1268 3447; x_wconf 48' lang='grc' dir='ltr'>5ςὲἕέἕέ</span> 
     </span>
     <span class='ocr_line' id='line_1_41' title="bbox 253 3458 1267 3539; baseline -0.008 -19"><span class='ocrx_word' id='word_1_364' title='bbox 253 3462 295 3520; x_wconf 80' lang='lat' dir='ltr'>uir</span> <span class='ocrx_word' id='word_1_365' title='bbox 312 3465 359 3522; x_wconf 90' lang='lat' dir='ltr'>rel&#39;</span> <span class='ocrx_word' id='word_1_366' title='bbox 381 3466 447 3521; x_wconf 88' lang='lat' dir='ltr'>&#39;onis</span> <span class='ocrx_word' id='word_1_367' title='bbox 459 3468 488 3523; x_wconf 82' lang='lat' dir='ltr'>bt</span> <span class='ocrx_word' id='word_1_368' title='bbox 499 3462 627 3523; x_wconf 72' lang='lat' dir='ltr'>dostrinae</span> <span class='ocrx_word' id='word_1_369' title='bbox 644 3462 721 3520; x_wconf 90' lang='lat' dir='ltr'>laude</span> <span class='ocrx_word' id='word_1_370' title='bbox 738 3458 846 3538; x_wconf 83' lang='lat' dir='ltr'>insignis</span> <span class='ocrx_word' id='word_1_371' title='bbox 863 3458 998 3517; x_wconf 82' lang='lat' dir='ltr'>Antonius</span> <span class='ocrx_word' id='word_1_372' title='bbox 1016 3460 1110 3539; x_wconf 81' lang='lat' dir='ltr'>Pagius</span> <span class='ocrx_word' id='word_1_373' title='bbox 1129 3462 1158 3519; x_wconf 92' lang='lat' dir='ltr'>in</span> <span class='ocrx_word' id='word_1_374' title='bbox 1176 3465 1267 3523; x_wconf 82' lang='lat' dir='ltr'>diller.</span> 
     </span>
     <span class='ocr_line' id='line_1_42' title="bbox 254 3534 1266 3618; baseline 0.002 -21"><span class='ocrx_word' id='word_1_375' title='bbox 254 3540 356 3598; x_wconf 87' lang='lat' dir='ltr'>tatione</span> <span class='ocrx_word' id='word_1_376' title='bbox 388 3540 490 3618; x_wconf 75' lang='lat' dir='ltr'>ypitica</span> <span class='ocrx_word' id='word_1_377' title='bbox 499 3559 558 3618; x_wconf 89' lang='lat' dir='ltr'>pag.</span> <span class='ocrx_word' id='word_1_378' title='bbox 580 3540 636 3613; x_wconf 82' lang='lat'>138.</span> <span class='ocrx_word' id='word_1_379' title='bbox 656 3548 732 3615; x_wconf 89' lang='lat' dir='ltr'>putat</span> <span class='ocrx_word' id='word_1_380' title='bbox 743 3535 827 3593; x_wconf 89' lang='lat' dir='ltr'>aliuni</span> <span class='ocrx_word' id='word_1_381' title='bbox 842 3535 893 3593; x_wconf 87' lang='lat' dir='ltr'>else</span> <span class='ocrx_word' id='word_1_382' title='bbox 906 3534 1054 3594; x_wconf 81' lang='lat' dir='ltr'>verborum</span> <span class='ocrx_word' id='word_1_383' title='bbox 1065 3538 1196 3597; x_wconf 66' lang='lat' dir='ltr'>munatii</span> <span class='ocrx_word' id='word_1_384' title='bbox 1206 3540 1266 3599; x_wconf 85' lang='lat' dir='ltr'>sen-</span> 
     </span>
     <span class='ocr_line' id='line_1_43' title="bbox 253 3613 1267 3695; baseline 0.002 -22"><span class='ocrx_word' id='word_1_385' title='bbox 253 3616 326 3679; x_wconf 86' lang='lat' dir='ltr'>sum.</span> <span class='ocrx_word' id='word_1_386' title='bbox 347 3636 430 3695; x_wconf 88' lang='lat' dir='ltr'>eaque</span> <span class='ocrx_word' id='word_1_387' title='bbox 440 3618 472 3674; x_wconf 82' lang='lat' dir='ltr'>ad</span> <span class='ocrx_word' id='word_1_388' title='bbox 483 3616 622 3675; x_wconf 89' lang='lat' dir='ltr'>Galerium</span> <span class='ocrx_word' id='word_1_389' title='bbox 634 3613 817 3673; x_wconf 87' lang='lat' dir='ltr'>Maximinum</span> <span class='ocrx_word' id='word_1_390' title='bbox 829 3626 1013 3691; x_wconf 89' lang='lat' dir='ltr'>cognomento</span> <span class='ocrx_word' id='word_1_391' title='bbox 1021 3615 1117 3675; x_wconf 82' lang='lat' dir='ltr'>Daiani</span> <span class='ocrx_word' id='word_1_392' title='bbox 1129 3616 1267 3679; x_wconf 84' lang='lat' dir='ltr'>referenda</span> 
     </span>
    </p>

    <p class='ocr_par' dir='ltr' id='par_1_12' title="bbox 221 3691 1267 3849">
     <span class='ocr_line' id='line_1_44' title="bbox 221 3691 1267 3771; baseline 0.003 -20"><span class='ocrx_word' id='word_1_393' title='bbox 221 3698 226 3712; x_wconf 86' lang='grc'><strong>“</strong></span> <span class='ocrx_word' id='word_1_394' title='bbox 252 3694 320 3760; x_wconf 81' lang='lat' dir='ltr'>else,</span> <span class='ocrx_word' id='word_1_395' title='bbox 339 3713 394 3753; x_wconf 90' lang='lat' dir='ltr'>non</span> <span class='ocrx_word' id='word_1_396' title='bbox 414 3691 478 3749; x_wconf 78' lang='lat' dir='ltr'>verb</span> <span class='ocrx_word' id='word_1_397' title='bbox 495 3694 528 3753; x_wconf 83' lang='lat' dir='ltr'>ad</span> <span class='ocrx_word' id='word_1_398' title='bbox 539 3692 679 3750; x_wconf 88' lang='lat' dir='ltr'>Galerium</span> <span class='ocrx_word' id='word_1_399' title='bbox 692 3691 891 3749; x_wconf 87' lang='lat' dir='ltr'>Maximianum</span> <span class='ocrx_word' id='word_1_400' title='bbox 912 3712 918 3749; x_wconf 90' lang='lat'><strong>:</strong></span> <span class='ocrx_word' id='word_1_401' title='bbox 938 3695 976 3749; x_wconf 77' lang='lat' dir='ltr'>At</span> <span class='ocrx_word' id='word_1_402' title='bbox 987 3692 1100 3771; x_wconf 87' lang='lat' dir='ltr'>Joannes</span> <span class='ocrx_word' id='word_1_403' title='bbox 1113 3693 1267 3755; x_wconf 82' lang='lat' dir='ltr'>Columbua</span> 
     </span>
     <span class='ocr_line' id='line_1_45' title="bbox 253 3768 1265 3849; baseline 0 -19"><span class='ocrx_word' id='word_1_404' title='bbox 253 3772 283 3829; x_wconf 91' lang='lat' dir='ltr'>in</span> <span class='ocrx_word' id='word_1_405' title='bbox 294 3769 509 3829; x_wconf 88' lang='lat' dir='ltr'>annotationibus</span> <span class='ocrx_word' id='word_1_406' title='bbox 521 3768 553 3826; x_wconf 87' lang='lat' dir='ltr'>ad</span> <span class='ocrx_word' id='word_1_407' title='bbox 565 3768 638 3826; x_wconf 88' lang='lat' dir='ltr'>hunc</span> <span class='ocrx_word' id='word_1_408' title='bbox 650 3768 743 3826; x_wconf 90' lang='lat' dir='ltr'>locuni</span> <span class='ocrx_word' id='word_1_409' title='bbox 756 3768 847 3825; x_wconf 89' lang='lat' dir='ltr'>mirari</span> <span class='ocrx_word' id='word_1_410' title='bbox 862 3768 889 3827; x_wconf 92' lang='lat' dir='ltr'>se</span> <span class='ocrx_word' id='word_1_411' title='bbox 907 3768 945 3827; x_wconf 92' lang='lat' dir='ltr'>ait</span> <span class='ocrx_word' id='word_1_412' title='bbox 970 3770 1124 3827; x_wconf 79' lang='lat' dir='ltr'>Antonium</span> <span class='ocrx_word' id='word_1_413' title='bbox 1150 3774 1265 3849; x_wconf 87' lang='lat' dir='ltr'>Pagium</span> 
     </span>
    </p>
   </div>
   <div class='ocr_carea' id='block_1_3' title="bbox 253 3840 1267 3983">
    <p class='ocr_par' dir='ltr' id='par_1_13' title="bbox 253 3840 1267 3983">
     <span class='ocr_line' id='line_1_46' title="bbox 253 3840 1266 3983; baseline 0.003 -79"><span class='ocrx_word' id='word_1_414' title='bbox 253 3847 311 3907; x_wconf 76' lang='lat' dir='ltr'>hac</span> <span class='ocrx_word' id='word_1_415' title='bbox 322 3848 356 3907; x_wconf 90' lang='lat' dir='ltr'>de</span> <span class='ocrx_word' id='word_1_416' title='bbox 369 3844 524 3906; x_wconf 86' lang='lat' dir='ltr'>Maximino</span> <span class='ocrx_word' id='word_1_417' title='bbox 535 3845 751 3924; x_wconf 70' lang='lat' dir='ltr'>Dnaaccipeie,</span> <span class='ocrx_word' id='word_1_418' title='bbox 771 3840 837 3905; x_wconf 78' lang='lat' dir='ltr'>olm</span> <span class='ocrx_word' id='word_1_419' title='bbox 847 3843 924 3907; x_wconf 84' lang='lat' dir='ltr'>series</span> <span class='ocrx_word' id='word_1_420' title='bbox 942 3846 1087 3907; x_wconf 78' lang='lat' dir='ltr'>ruborum</span> <span class='ocrx_word' id='word_1_421' title='bbox 1106 3850 1135 3909; x_wconf 83' lang='lat'>&amp;</span> <span class='ocrx_word' id='word_1_422' title='bbox 1152 3866 1193 3907; x_wconf 79' lang='lat' dir='ltr'>res</span> <span class='ocrx_word' id='word_1_423' title='bbox 1210 3846 1266 3983; x_wconf 83' lang='lat' dir='ltr'>ipsa</span> 
     </span>
     <span class='ocr_line' id='line_1_47' title="bbox 1233 3944 1267 3981; baseline 0 0"><span class='ocrx_word' id='word_1_424' title='bbox 1233 3944 1267 3981; x_wconf 85' lang='lat'>0·</span> 
     </span>
    </p>
   </div>
   <div class='ocr_carea' id='block_1_4' title="bbox 0 0 1476 4634">
    <p class='ocr_par' dir='ltr' id='par_1_14' title="bbox 0 0 1476 4634">
     <span class='ocr_line' id='line_1_48' title="bbox 0 0 1476 4634; baseline 0 2"><span class='ocrx_word' id='word_1_425' title='bbox 0 0 1476 4634; x_wconf 95' lang='lat' dir='ltr'> </span> 
     </span>
    </p>
   </div>
  </div>
 </body>
</html>
