2942 4634
328 261 506 334 Norn
542 222 1047 327 rrrchr'nrsrrnrr.¹
1149 255 1220 359 287'

183 400 215 442 no
227 374 476 457 transsamficant.
484 377 514 434 δι
526 370 574 431 lib.
582 368 608 429 6.
624 393 648 432 c.
663 370 715 433 ult.
735 370 815 432 Verso
824 369 1033 449 ergosaoificeri
1046 382 1141 450 oportet
1147 382 1216 447 Deo,

181 450 305 537 squidem
321 466 395 515 Deru
408 452 520 513 Verbum
532 449 575 525 ess.
594 454 623 509 Si
628 452 734 529 summo
746 447 816 527 Jovs
827 463 933 523 argento
944 447 1146 529 sacn'ficaffem,
1166 454 1217 515 h2.

182 537 229 595 bes
240 534 309 611 apud
323 534 451 599 Plautum
470 531 499 587 in
512 528 684 587 Mostellaria.
724 529 833 587 raons
852 538 946 583 eutem
958 528 1081 605 intellige
1095 530 1125 587 in
1136 550 1166 589 re
1176 530 1219 591 sa·

183 611 319 672 cerdotali.
360 609 404 667 Sic
424 610 465 665 M.
486 604 640 665 Antoninus
652 610 803 682 Imperator
819 602 890 681 apud
908 603 1117 681 Capitolinum,
1149 628 1173 668 c.
1190 628 1218 677 2,

185 689 285 825 ἔξω
304 686 414 747 nullum
432 678 595 743 sacrificium
623 701 671 761 per
693 681 836 743 vicarium
854 678 967 747 secisse,
992 680 1044 741 nisr
1061 702 1130 745 curn
1151 704 1222 767 age

223 780 259 825 et·

220 852 296 901 Nam
315 852 373 898 nas
390 838 471 917 brejas
492 838 626 913 malina]
654 836 811 915 Eutropius.
836 832 855 893 l.
869 852 896 907 9.
916 852 941 895 e.
965 840 1014 904 16,
1041 837 1222 902 Diocletim

185 934 303 980 moratus
314 917 407 976 callidi
411 916 488 997 suin
504 918 595 994 fitgax
614 928 756 993 procrea,
776 911 813 985 ό
828 914 972 973 dmum
982 914 1091 993 subtilis
1105 919 1221 994 ingemo,

186 996 223 1069 ό·
236 994 461 1074 quisevnitaterp
469 995 552 1072 suam
563 990 653 1051 aliens
664 994 743 1051 vellet
755 985 891 1050 invidisse
925 989 986 1050 lm.
1026 992 1134 1053 similia.
1148 995 1224 1074 legas

186 1075 216 1133 in
231 1071 370 1147 Excerptis
382 1071 512 1149 Johnnnis
524 1070 690 1153 Antioclreni
705 1109 715 1135 ,
735 1065 752 1127 ὲ
764 1064 871 1126 valesio
920 1068 971 1127 tis.
995 1069 1144 1129 simonidae
1155 1089 1225 1148 prz-

186 1164 298 1228 oeptum
316 1144 456 1222 respexisse
474 1147 583 1205 videtur
602 1144 808 1208 Diocletianus.
855 1145 912 1203 uod
931 1147 1049 1205 Hieroni
1066 1148 1142 1208 dedit
1153 1150 1227 1226 apud
1258 1159 1262 1171 '

185 1226 418 1313 xenophontem,
438 1242 535 1285 verum
550 1224 621 1299 justo
634 1224 713 1281 latius
723 1162 875 1312 petendisp.
896 1232 978 1302 'trapi
998 1232 1107 1298 'posen
1124 1231 1156 1311 qs
1171 1232 1223 1301 μὲν

186 1295 545 1415 'i'sff‘pslsssp'ss'ffissilx‘
561 1295 706 1366 npreee‘lier
722 1313 783 1349 erret
799 1297 908 1361 ιολιζοιι
923 1333 932 1359 ,
948 1296 981 1349 ei
991 1252 1031 1351 su*
1044 1294 1111 1351 ssia
1126 1301 1225 1350 moda·

209 1384 233 1418 Η
269 1399 277 1422 2
531 1399 537 1411 ·

227 1438 264 1488 Er
277 1426 393 1507 qualiter
400 1426 569 1503 sentiebant]
592 1424 752 1505 Lugendum
766 1422 833 1511 eise,
852 1422 888 1499 ὸ
906 1429 953 1507 qui
964 1426 1045 1486 aliter
1056 1426 1229 1508 sentiebam,

188 1506 257 1567 vidit
271 1505 299 1562 in
311 1503 438 1563 addendis
450 1504 494 1562 Cl.
520 1504 654 1563 Belnzius.

227 1583 276 1642 Ad
290 1583 435 1657 Aposimm
448 1578 603 1659 Milefium]
626 1582 671 1639 De
683 1580 795 1641 oraculo
808 1580 908 1643 Milesii
927 1577 1061 1658 Apollinis
1079 1578 1126 1639 seu
1139 1584 1223 1643 nnn-

190 1656 346 1721 chidarum.
368 1656 430 1716 vide
443 1658 604 1717 Strabonem
617 1658 665 1717 lib.
679 1678 706 1732 9.
727 1664 757 1720 dc
771 1680 831 1741 quae
849 1657 983 1737 collegere
994 1656 1093 1716 ensditi
1105 1657 1140 1717 ad
1150 1662 1227 1719 Mar·

189 1756 268 1795 mora
286 1735 461 1805 oxoniensis„
503 1735 675 1813 Cumprimis
692 1748 785 1795 autem
811 1736 947 1804 adeundus
965 1734 1089 1793 Valesins‘
1105 1735 1138 1792 ad
1160 1738 1226 1795 Am.

190 1813 310 1873 Marcell.
326 1812 345 1870 l.
363 1832 414 1887 29⁵
436 1816 465 1872 sc
478 1830 582 1889 pauca,
602 1812 648 1872 sed
660 1814 805 1890 ptaeclara,
822 1812 944 1875 adserens
957 1810 1058 1874 isaacus
1068 1810 1178 1872 Voffius
1191 1811 1230 1873 ad

192 1888 294 1949 Melam
306 1890 354 1949 lib.
372 1908 398 1948 r.
412 1907 436 1947 c.
454 1907 497 1963 17.

501 2032 504 2035 ,
530 1970 544 2029 1
564 1990 584 2029 rs
626 1970 652 2027 C
674 1986 692 2026 s
714 1988 742 2027 r.
782 1970 811 2025 X
829 1971 843 2030 1
860 1971 882 2030 1.

233 2041 283 2099 Ad
290 2042 430 2118 septimum
442 2043 503 2103 Kal.
517 2047 627 2121 Mare]
648 2044 720 2103 Vide
732 2046 852 2103 fueritne
866 2048 912 2105 hle
924 2040 1023 2119 ellipse
1040 2041 1143 2103 roculae
1159 2044 1232 2102 diem

193 2115 316 2178 serenda,
336 2136 396 2194 quae
409 2118 491 2177 hodie
503 2124 587 2177 etiam
598 2120 688 2195 rulgo
700 2120 835 2195 frequens.
874 2124 962 2177 Porro
981 2135 1038 2175 non
1057 2119 1126 2177 illud
1141 2120 1230 2177 modo

194 2192 404 2253 Kalendarium.
424 2195 502 2265 cujus
513 2193 643 2250 meminit
656 2192 781 2249 Baluzius
794 2231 803 2256 ,
823 2192 989 2250 Terminalia
999 2196 1077 2267 ponit
1091 2213 1114 2251 a.
1127 2194 1155 2252 d.
1168 2198 1229 2254 v11.

179 2272 256 2334 ,Kal
272 2274 353 2330 Mart.
367 2268 412 2329 sed
423 2271 452 2329 δι
465 2267 517 2327 alia
530 2268 618 2327 nihilo
637 2267 730 2323 minus
751 2266 875 2331 rnuste,
901 2268 1045 2348 interque
1058 2270 1232 2331 celebratissi-

194 2368 277 2409 mum
292 2346 360 2406 illud
372 2387 380 2410 .
409 2343 606 2413 iciaceonio,
633 2343 717 2403 Paulo
731 2347 760 2404 δι
772 2342 844 2402 Aldo
857 2344 1007 2411 Manutiis,
1025 2345 1136 2427 aliisque
1151 2350 1231 2409 dein.

196 2446 272 2503 ceps,
285 2424 392 2484 editum
403 2423 512 2501 saepitu:
532 2424 607 2505 quod
620 2422 845 2503 autemquaedam
861 2419 1005 2501 discrepare
1021 2423 1168 2495 videntur,
1195 2428 1233 2487 ab

197 2503 398 2563 intercalatione
410 2502 463 2569 est,
482 2521 566 2581 quam
580 2520 614 2561 eo
628 2499 728 2559 fatum
740 2498 833 2559 mense
845 2513 954 2559 notum.
993 2499 1115 2562 Rursum
1128 2504 1234 2563 necilli
1270 2542 1274 2546 -

194 2600 298 2715 aeguo
316 2600 359 2638 ere
371 2579 501 2713 fallpntrpp
511 2580 560 2667 qui
572 2576 806 2713 dictpntillcplefiap
821 2589 946 2714 telpppore
965 2576 1105 2717 Petsprhatos
1122 2581 1234 2671 subvet-

236 2700 242 2712 .
314 2674 358 2713 arn
371 2674 418 2730 per
428 2674 478 2713 ecu
501 2673 548 2713 oni
561 2673 605 2712 coe
635 2674 657 2711 ae
679 2674 697 2712 n
735 2674 839 2715 ermina
877 2676 924 2724 us,
944 2675 998 2717 acri
1058 2676 1123 2719 vere
1166 2676 1231 2720 oxt·

198 2751 264 2798 rno,
285 2733 344 2789 imo
357 2743 419 2788 toto
433 2748 520 2796 anno,
541 2673 661 2811 Tyrsnni
676 2732 837 2792 institenrnt.
1134 2679 1166 2739 Pr

239 2806 386 2884 Agentibm
399 2806 559 2886 consulatum
564 2810 694 2887 senibus]
716 2814 782 2869 Haec
795 2811 875 2870 verba
887 2808 965 2870 απὸ
977 2812 1097 2871 indicant
1108 2811 1237 2888 tempus,

198 2886 234 2945 de
246 2905 303 2965 quo
318 2903 373 2944 non
384 2884 437 2943 leri
451 2888 596 2945 certamine
607 2888 719 2965 quidam
731 2890 905 2946 eruditorum
923 2887 1096 2963 disquirunt,
1116 2890 1158 2945 uti
1169 2908 1234 2947 mo-

198 2977 247 3023 net
259 2964 342 3022 etiam
353 2962 566 3053 beneleuziun
587 2963 827 3052 tempus‚inquam
836 3004 844 3027 ,
852 2974 949 3051 coeptae
960 2963 1165 3053 persecutionis,
1184 2985 1232 3025 an-

199 3038 875 3193 tltttttsrltlltf‘ttltttffltt
886 3037 1235 3195 {lrtsstffltttiltt

200 3196 273 3275 gius.
295 3196 397 3261 statii,
417 3194 465 3275 qui
480 3194 529 3253 srbi
541 3192 600 3253 haec
616 3211 681 3252 cum
693 3195 758 3251 cu'ri
768 3190 924 3251 sumserunt
947 3194 1127 3272 expendenda.
1167 3199 1231 3257 Fuit

203 3285 295 3329 autem
310 3274 353 3331 hie
366 3292 450 3331 annus
462 3269 610 3333 secundum
624 3272 789 3349 scaligerum
802 3271 991 3331 Antiochenus
1004 3291 1097 3333 cccnr
1115 3273 1214 3336 Christi
1219 3301 1231 3347 ς

204 3348 401 3425 Dionyfianus,
421 3370 534 3408 cccrrr.
556 3349 696 3408 Numerus
709 3366 803 3407 aureus
818 3368 883 3406 xix.
905 3350 1006 3427 Cyclus
1019 3349 1087 3409 Solis
1101 3374 1145 3412 rr.

243 3428 292 3513 ‘fd
305 3424 441 3505 Ecclesiam
450 3426 594 3563 professus]
618 3425 744 3486 Omnino
756 3425 927 3487 scribendum
940 3427 977 3486 eil
995 3427 1145 3506 Fufetius,
1165 3452 1233 3511 prae·

205 3504 271 3558 torri
290 3521 408 3579 nempe:
433 3506 534 3583 aioqui
554 3503 630 3563 series
649 3503 795 3563 verborum
816 3503 892 3562 hians
914 3508 943 3565 δε
969 3505 1080 3583 abrupta
1094 3511 1233 3585 pendebit.

206 3580 341 3635 Erineunt
360 3580 386 3637 id
406 3584 488 3639 etiam
510 3581 668 3659 sequentia,
697 3580 725 3639 in
750 3582 847 3659 quibus
866 3584 1020 3641 Praetoriani
1044 3601 1232 3648 memorantur

205 3654 351 3713 Ecclesiam
364 3658 498 3723 evertisse,
517 3662 694 3738 imperatores
705 3673 796 3717 autem
803 3658 886 3717 ambo
899 3658 976 3718 fuisse
986 3662 1015 3719 in
1028 3660 1146 3739 speculis.

247 3738 346 3789 Tamen
360 3734 425 3790 ilud
440 3736 621 3812 editiffimum]
644 3737 752 3812 Opinor
763 3734 931 3797 scribendum
943 3755 1071 3798 tutamen.
1110 3743 1171 3801 Hic
1181 3762 1232 3801 vo-

207 3828 238 3869 ce
258 3806 298 3866 usr
313 3808 463 3885 Virgilius,
491 3813 602 3874 Livius.
630 3816 659 3871 δι
672 3814 808 3872 Arnobius
826 3816 958 3876 Lasirntii
971 3830 1139 3895 preceptor,
1159 3820 1233 3880 haud

206 3887 301 3955 multo
312 3884 384 3947 secus
396 3906 480 3968 quom
499 3888 552 3968 ipse
569 3889 624 3951 hoc
636 3890 706 3954 loco.
748 3895 845 3979 sermo
864 3893 900 3955 est
918 3892 952 3957 de
970 3896 1127 3959 animalibus
1141 3897 1186 3956 lib.
1206 3918 1233 3959 2.

1170 3994 1234 4059 1³²3·
