2942 4634
319 281 495 352 Norae
536 219 1044 349 rnurcrrarruu,
1158 299 1218 377 303

227 492 275 546 De
284 486 393 562 agendis
407 482 443 555 ό·
454 410 721 563 ἰρρινὶῗωωῗὶἱΐκεῖ
754 412 823 544 ilo}
830 410 908 565 {aba
926 485 1035 560 Galerio
1046 495 1108 542 tum
1120 484 1218 544 adesset

187 582 289 623 mum
303 580 427 638 tempus,
448 562 572 640 seuquod
584 578 708 641 apparatu
720 563 770 623 sibi
781 564 815 622 ad
826 582 855 622 ea
868 563 989 639 plurium
1005 580 1137 620 annorum
1149 582 1218 640 opus

188 641 244 700 effe
257 644 436 717 Imperatores
448 652 580 715 putarent.
619 643 673 699 Adi
684 641 823 700 laudatum
843 642 929 699 modo
942 643 1005 699 Ant.
1022 640 1156 716 Pagium.
1172 642 1217 699 di-

91 774 92 787 ,
187 720 307 807 ligenter
320 717 374 774 hoc
387 730 579 795 argumentum
598 717 652 775 eas
681 732 815 783 nentem,
840 718 907 776 Diis.
927 722 1001 795 Hyp.
1014 734 1041 793 p.
1058 718 1116 773 188.
1136 719 1220 795 Egre-

189 814 272 875 gium
288 794 364 853 hunc
377 793 470 850 locum
482 792 534 852 esse
546 796 577 853 ad
591 795 664 852 osten
684 796 782 855 endam
794 794 974 872 impensamm
989 792 1218 871 magnitudinem,

189 891 257 951 quas
270 872 413 931 occasione
424 868 573 929 istiusmodi
585 870 731 938 faciebant,
751 875 832 932 docet
843 874 916 931 idem
929 892 955 951 p.
971 890 1032 945 ²47·

231 945 492 1031 Qijamduium]
520 950 551 1005 ln
569 947 693 1007 lacunuli
711 948 762 1008 hac
780 948 893 1009 arbitror
910 949 1017 1014 deesset,
1036 964 1068 1007 ut
1080 950 1221 1026 Diiesua'e.

193 1043 293 1101 nempe
306 1024 428 1084 redderet
442 1042 504 1101 quae
517 1026 690 1101 promiserat3
711 1046 772 1106 quae
784 1027 863 1086 verba
875 1046 946 1087 mox
960 1026 1115 1107 sequuntur.

232 1104 350 1160 Securim
360 1101 473 1159 alteram
485 1102 596 1177 afflixit]
617 1112 743 1164 Securum
753 1106 868 1164 ulcerum
877 1105 1023 1183 legendum
1035 1116 1113 1181 putat
1124 1106 1222 1165 virdo·

196 1177 346 1244 &illimusa
367 1181 561 1254 imperatorem
574 1198 686 1257 nempe3
707 1185 784 1261 quod
796 1183 894 1261 assequi
907 1202 954 1241 me
967 1200 1023 1240 non
1036 1180 1136 1242 fateor,
1153 1200 1222 1240 cum

197 1254 314 1313 hicnon
326 1254 360 1313 de
373 1257 536 1333 Imperatore
551 1258 736 1321 Diocletiano.
757 1259 802 1317 sed
814 1263 848 1318 de
859 1260 1005 1336 provinciis
1020 1272 1121 1337 agatur.
1161 1260 1224 1318 Nec

198 1332 269 1391 mihi
282 1332 398 1391 dubium
410 1331 461 1395 est,
485 1334 552 1409 quin
564 1336 705 1394 Ciceronis
719 1336 787 1395 illud
799 1355 850 1412 pro
869 1340 921 1395 Cn
942 1337 1050 1395 Plancio
1064 1336 1224 1413 respexerit,

200 1428 255 1487 cap.
266 1428 316 1483 ²9·
336 1406 440 1494 ‚Quum
453 1414 521 1467 enim
533 1412 678 1493 ilijude'ces
686 1416 837 1490 geuviorem
853 1415 989 1491 prtum
1005 1413 1146 1489 reipublice
1158 1410 1226 1490 infli-

196 1505 255 1561 gere
267 1488 399 1565 securim,
419 1505 500 1563 quam
511 1506 570 1545 cum
582 1492 656 1547 illum
668 1490 683 1547 i
694 1494 803 1548 civitate
813 1493 961 1569 ejecerunt,
980 1494 1026 1567 qui
1036 1502 1124 1565 pretor
1135 1488 1224 1564 finiti·

200 1582 255 1627 uro,
276 1563 373 1641 consul
384 1564 511 1639 domestico
522 1566 583 1623 bello
594 1570 778 1643 rempublicam
790 1566 935 1627 liberarer?
955 1569 1081 1623 Praeterea
1092 1567 1154 1625 licet
1165 1567 1224 1624 ufi-

202 1642 281 1697 tatius
295 1642 387 1699 multo
398 1640 432 1697 fit
443 1642 518 1719 quod
530 1662 602 1701 nunc
613 1648 717 1705 editum
731 1646 784 1713 est,
804 1646 916 1703 mallem
927 1657 1019 1701 tamen
1031 1661 1067 1700 ex
1084 1642 1158 1700 istius
1176 1646 1229 1703 aeui

203 1716 395 1775 mnsanudine
406 1730 544 1777 retentum
558 1718 663 1788 suisset,
683 1722 804 1804 quodest
817 1714 968 1780 ineditione
974 1720 1078 1779 Gallici
1085 1762 1094 1783 .
1093 1722 1223 1798 securem.

205 1794 248 1851 Sic
258 1796 333 1853 enim
346 1794 430 1854 etiam
443 1797 602 1857 Prudentius
615 1801 643 1857 in
657 1802 775 1877 passione
789 1800 915 1879 Martyris
926 1799 1081 1864 Prudentii,
1102 1816 1127 1854 r.
1142 1798 1206 1873 328.

491 1876 592 1933 Adeou’
600 1878 718 1955 securem
734 1878 866 1955 publicum

498 1954 585 2012 Masei
597 1959 713 2014 retundit
724 1956 838 2015 imitas?

206 2025 294 2083 Etiam
308 2026 471 2086 Ammianus
489 2029 535 2087 lib.
551 2048 593 2105 30.
605 2051 632 2110 p.
647 2052 685 2089 m.
699 2030 762 2112 43⁰·
784 2034 901 2107 Papr'rius
921 2034 1017 2109 Cursor
1032 2026 1067 2090 eri
1083 2028 1229 2106 tempestate

205 2106 325 2161 Differor
336 2144 345 2169 ‚
358 2107 477 2181 securem
485 2118 533 2182 per
551 2110 664 2167 lictorem
676 2113 790 2185 expediri
801 2140 853 2154 -··-
866 2110 949 2187 jufflr.
989 2109 1039 2167 Sed
1057 2109 1120 2167 talia
1132 2109 1229 2165 nustria

204 2178 409 2243 adolescentibus
420 2202 475 2239 non
488 2185 548 2241 sunt
561 2186 708 2253 imitanda;
729 2186 793 2242 licet
804 2184 885 2240 etiam
892 2182 971 2256 litem
978 2185 1081 2262 legatur
1087 2187 1155 2261 apud
1163 2189 1228 2243 Pru·

206 2258 328 2317 dentium
341 2262 369 2317 bc
382 2260 545 2325 llo'e'thiunr,
565 2276 650 2319 cutem
670 2261 741 2337 apud
753 2263 839 2318 Corn.
861 2258 992 2327 Cellitme
1013 2263 1072 2319 imo
1083 2261 1153 2339 apud
1166 2264 1228 2322 Ma·

206 2354 303 2395 ronem
315 2336 398 2394 etiam
409 2352 525 2404 turrem,
546 2337 566 2396 sr
580 2338 736 2397 Charisrum
748 2336 900 2414 sequimur,
921 2338 1010 2395 &alia
1023 2340 1093 2415 apud
1106 2338 1181 2397 alios.

247 2414 356 2471 serato
379 2412 508 2473 celebrata
524 2412 588 2492 fit]
617 2420 731 2493 Optatus
754 2414 931 2473 Milevitanua
955 2414 1004 2473 lib.
1026 2434 1063 2492 3,
1087 2422 1118 2475 se·
1144 2436 1229 2496 quun-

205 2492 237 2549 do
249 2522 301 2538 ....
312 2494 457 2575 iujuluir'e
463 2494 570 2569 publicu
582 2494 674 2570 aliqua
683 2494 812 2552 cabirum
817 2488 856 2567 sst
867 2495 940 2550 actu.
955 2492 1001 2550 lib.
1015 2512 1048 2567 5,
1069 2502 1139 2553 cum
1151 2495 1228 2555 oide-

206 2584 245 2625 ret
257 2567 278 2625 >a
284 2566 342 2643 filio
354 2573 409 2626 Dei
421 2586 511 2627 tantm
523 2570 646 2628 celebrari
657 2572 786 2635 virtutes,
806 2570 834 2628 id
846 2570 882 2630 est
895 2610 903 2635 ,
923 2583 997 2629 tauta
1014 2572 1113 2630 diuinae
1130 2585 1228 2649 poten·

206 2645 252 2701 tiae
264 2646 406 2720 operaedi.
421 2646 468 2704 lib.
485 2666 517 2721 7,
535 2648 783 2732 Nullumjudicr'run
799 2647 957 2710 celebratum
968 2647 1003 2727 ql
1014 2690 1024 2716 ,
1034 2652 1086 2728 sel
1096 2653 1231 2730 smtmtie

207 2720 242 2797 est
252 2735 364 2798 operam
377 2722 487 2801 φῶσι.

214 2852 219 2859 .
250 2802 356 2858 Verium
365 2822 413 2860 nm
424 2802 593 2872 habentibus,
611 2806 717 2882 nullas]
740 2810 813 2888 Lege
820 2825 885 2868 cum
899 2808 1013 2866 Balurio
1019 2806 1052 2863 ad
1064 2804 1230 2863 umbilicum

210 2875 362 2933 voluminis
373 2878 479 2937 secundi
488 2922 496 2947 ‚
517 2888 595 2943 Venia
605 2904 653 2943 mn
665 2885 817 2944 habentibus
828 2888 901 2943 nulla
918 2884 1059 2959 abstinendi
1075 2882 1230 2955 multiplices

208 2956 350 3023 mariarum
363 2970 423 3023 aut,
432 2962 510 3016 Vmiu
521 2962 542 3018 ὲ
553 2980 601 3019 nou
612 2962 782 3025 habentibus,
800 2963 876 3037 quod
889 2977 943 3035 ego
955 2959 1068 3023 malim,
1088 2969 1119 3013 ut
1125 2956 1159 3011 srt
1170 2955 1229 3014 sen-

208 3029 252 3089 sus
267 3072 275 3097 ,
296 3052 351 3091 nou
368 3034 468 3093 licuisse
487 3035 570 3093 missas
589 3038 621 3092 ad
639 3034 691 3091 hoc
711 3036 906 3113 magistratibus
925 3033 1054 3091 abstinere
1077 3031 1233 3123 cpuciatusi

207 3110 431 3185 provincialibus,
450 3113 513 3171 licet
524 3130 579 3169 non
593 3111 723 3169 haberent
733 3112 808 3189 quod
820 3110 979 3187 praestarent.

246 3190 330 3246 Nulla
341 3210 403 3247 aree
409 3186 465 3265 ssne
483 3190 626 3265 exullore]
656 3196 766 3247 Veteres
782 3188 935 3323 alipuandiu
954 3187 1090 3247 frumenta
1101 3187 1234 3247 habebant

210 3265 239 3323 in
249 3266 317 3325 areis
332 3307 341 3331 ,
367 3266 452 3327 donec
463 3272 560 3327 extrita
573 3271 600 3327 δι
612 3286 630 3345 p
696 3282 722 3326 ta
734 3286 818 3324 recon
836 3278 910 3323 erem
924 3266 953 3323 in
963 3267 1067 3323 horreis
1077 3269 1106 3324 ila
1119 3267 1231 3342 apothe-

208 3345 254 3401 cis.
294 3344 365 3401 Vide
376 3346 520 3423 Scriptores
536 3347 588 3403 Rei
604 3284 727 3405 Ναΐα.
754 3346 842 3403 Etiam
871 3345 931 3401 Liu.
946 3343 965 3400 1.
981 3360 1023 3420 34.
1036 3363 1060 3402 c.
1071 3362 1108 3416 9,
1128 3347 1164 3403 u
1174 3358 1234 3403 erue

202 3420 276 3497 forte
289 3434 405 3497 tempus,
423 3420 624 3499 urfrummtmn
636 3427 664 3481 t'n
677 3422 890 3481 ermbubertus.
1238 3460 1242 3468 ·

124 3535 129 3546 '
210 3496 1235 3657 sssllt'ttllztlz‘slllmbmillis{smalx

212 3668 261 3721 eal·
276 3666 420 3736 ἁρχιϊσμόν
434 3658 553 3717 videatur
565 3656 628 3715 ferri
640 3657 721 3733 posse.
761 3656 877 3722 Simile,
904 3656 979 3735 quod
991 3657 1023 3713 ad
1042 3655 1157 3732 liguram
1170 3674 1232 3712 ora·

101 3721 104 3748 ³
212 3738 311 3803 tionis,
333 3734 371 3793 cit
384 3735 452 3794 illud
466 3735 613 3801 Lustautii,
633 3734 679 3791 lib.
688 3752 772 3809 5.c.9
799 3742 855 3791 Hoc
865 3732 1234 3809 oeroimnerrubileess,quorl

204 3814 241 3888 fia
254 3816 383 3895 adversus
396 3834 448 3877 ers,
467 3815 512 3890 qui
523 3811 675 3889 malefacere
686 3816 800 3889 nesciunt
822 3837 830 3878 3
850 3812 925 3889 quod
936 3813 968 3871 ad
982 3812 1140 3869 seutentiam
1154 3826 1234 3868 vero.

212 3892 279 3953 illud
297 3894 389 3957 Livii,
409 3890 454 3947 lib.
470 3908 511 3946 ar.
526 3908 549 3947 c.
568 3908 615 3963 ¹3·
634 3886 926 3971 Hac'quompuamfim
935 3896 1118 3971 graviumque
1128 3887 1233 3952 uerba.

207 3970 320 4061 [emuna
334 3970 421 4050 vestra
433 3966 620 4049 nabusaradan
1156 3974 1182 4027 0
1193 3968 1239 4027 ue·
