2942 4634
270 274 341 359 4t4
424 254 608 331 Turoni
630 254 888 331 Roturiunt
912 254 1175 332 Pnurnrro'

279 418 284 445 ·.
312 372 429 438 Verum
437 370 772 455 ermueiiverbinquae
779 364 990 456 proaffereuda
1021 369 1210 437 exsecutionis
1218 372 1285 438 hu.

269 454 317 537 jus
332 454 477 520 brevitate
492 450 604 536 profert
622 453 804 519 Dodwellus
813 492 827 525 ‚
844 452 917 517 nihil
927 452 964 515 ali
1021 450 1128 518 deduci
1153 451 1252 537 potest
1267 493 1285 527 2

312 556 358 599 aur
367 533 695 618 luncprocellamanuo
707 559 755 623 tp.
774 534 939 608 Domitiani
947 534 1080 599 maxime
1094 532 1283 609 efferbuisse,

268 556 321 685 aad
359 638 405 683 um
420 636 519 680 tanen
535 618 632 681 multo
648 637 731 683 antea
748 618 875 683 excitata
891 614 1108 700 fuissepoteran
1152 618 1198 683 Et
1213 619 1283 703 qui-

270 701 342 769 tem
379 698 510 768 usehius,
534 700 585 783 qui
593 700 731 765 Brutiurn
739 701 868 787 legerat,
890 698 1146 783 (quidquidenim
1156 701 1282 765 exBnr·

269 785 316 847 tio
323 780 488 868 superestah
497 778 627 847 Eusebio
636 783 801 867 hahemus)
819 780 941 850 biennio
957 798 1025 845 ante
1037 782 1213 847 Domitillae
1229 803 1283 847 ex·

268 860 386 934 filium3
405 860 638 958 persecutionem
652 859 822 1010 consipere,
840 864 888 928 cui
903 862 1049 957 consentit
1065 857 1214 929 Chronlei
1230 884 1283 949 pa·

266 945 485 1013 scmlisaueor.
496 965 583 1031 quant
591 948 660 1011 tdeo
673 968 726 1030 per
738 949 906 1011 ecurionem
923 944 1103 1013 dodlrllimus
1116 966 1202 1031 patet
1213 950 1282 1011 An·

268 1030 366 1105 tonius
385 1030 491 1115 Pagiur
509 1048 587 1093 anno
611 1050 665 1111 93.
692 1028 844 1113 incoepilse
857 1026 1014 1093 contendit
1030 1067 1042 1099 ‚
1060 1029 1195 1115 quamvis
1210 1050 1278 1095 carn

267 1112 432 1177 cardimus
441 1110 714 1176 Batoniusbiennio
729 1106 1143 1196 anteacontigilieputaverit.
1189 1112 1282 1177 Dod·
1377 1109 1378 1138 ¹

267 1195 351 1259 nelli
359 1190 510 1259 sententiae
518 1191 580 1277 ipse
591 1194 680 1257 etiam
690 1192 853 1259 adversatur
860 1194 1079 1276 Hieronymus,
1097 1193 1151 1280 qui
1165 1195 1281 1271 Johan-

268 1296 422 1341 nemanno
440 1294 488 1352 14.
507 1275 677 1340 Domitiani
691 1278 723 1339 in
736 1277 827 1341 ollam
844 1275 966 1363 ignitam
984 1276 1096 1340 Romae
1109 1279 1279 1355 conjeelum

266 1356 350 1424 hiilie
365 1357 466 1423 refert.
507 1360 550 1422 Et
558 1358 678 1442 quidem
695 1361 787 1445 louge
800 1376 884 1423 antea
900 1359 1093 1424 Domitianus
1108 1360 1139 1422 se
1153 1358 1234 1422 derne
1247 1384 1281 1423 ae

266 1442 445 1527 dominunap
469 1440 708 1509 ellarivoluetat‚
729 1461 762 1505 ut
770 1462 876 1506 nonen
886 1436 1018 1507 Eusebio
1027 1442 1119 1505 solum
1129 1459 1180 1507 tut
1189 1443 1278 1509 Clui-

267 1522 383 1595 hinnis,
404 1462 556 1589 sedetiam
565 1541 613 1616 'ex
628 1524 754 1589 ethnicis
767 1522 959 1614 scriptoribus
974 1542 1088 1587 certum
1098 1522 1147 1591 est
1195 1526 1278 1588 Tan-

266 1608 337 1670 dem
346 1609 421 1671 hanc
429 1604 667 1691 persecutionem
678 1606 890 1671 diuturniorem
906 1599 988 1669 sinist
1004 1607 1132 1693 probant
1148 1602 1277 1676 fineen,

267 1689 320 1759 dt,
339 1708 372 1753 ut
387 1686 518 1752 admittit
532 1686 734 1759 Dodwellus‚
753 1689 791 1752 ab
808 1692 925 1753 austore
939 1688 1179 1774 coaevoscriptn
1198 1691 1278 1754 Asia

262 1770 488 1858 sansiilgnatii‚
509 1768 677 1836 ubisaniius
694 1774 814 1853 Martyr
827 1774 972 1835 mrelrarun
979 1770 1032 1854 sui
1051 1776 1212 1836 Domitiano
1215 1790 1280 1862 per·

181 1852 190 1935 j
242 1856 429 1940 ,furtianum
442 1852 568 1941 procedat
583 1848 740 1919 sustinuisse
755 1872 945 1918 memoratur.
985 1855 1037 1919 Ex
1047 1854 1092 1917 hir
1120 1872 1277 1940 aretquam

265 1954 369 2022 patum
384 1932 515 2005 interfit,
537 1954 572 1999 an
591 1935 703 1999 exsules
717 1935 756 2000 ab
771 1931 835 2021 ipso
844 1937 1024 2001 Domitiano
1032 1956 1088 2019 pau
1112 1942 1284 2016 oaureejusv

265 2036 394 2089 necem,
414 2036 446 2085 ut
460 2017 563 2083 innuit
575 2018 791 2091 Tertullianus,
814 2020 944 2082 revocati
960 2019 1089 2089 suerint,
1109 2039 1147 2082 an
1161 2022 1201 2083 ab
1215 2023 1277 2100 eju

262 2096 435 2168 hrccelsore.
479 2098 575 2166 Certe
590 2098 732 2165 Eusebius
770 2100 867 2164 rolato
882 2101 971 2165 etiam
986 2101 1168 2165 Tertulliani
1185 2102 1279 2172 loco,

264 2184 324 2274 idi
335 2186 437 2251 Nerva
444 2183 607 2271 praestitum
615 2180 697 2247 fuisse
705 2120 796 2248 tedet
805 2207 839 2247 ex
847 2184 895 2253 iit,
914 2189 1056 2273 quintum
1072 2203 1137 2247 tunc
1151 2192 1281 2275 temporit

289 2270 545 2355 flauumlrilioriam
553 2264 742 2333 condiderunt.
783 2266 976 2338 ldetncenset
984 2266 1128 2331 Clemens
1139 2268 1282 2331 Alexan.

259 2288 365 2413 drinus
379 2352 410 2413 in
427 2350 507 2413 libro
521 2348 559 2416 de
576 2346 686 2413 Divite
699 2349 855 2418 salvando,
885 2351 917 2413 dt
936 2352 1039 2415 Nerva
1054 2350 1130 2431 ipud
1144 2351 1280 2419 Dionem

265 2430 417 2517 Xiphilini
429 2448 489 2495 reos
501 2435 651 2524 impietatir
667 2430 929 2520 absoluffidicitur.
971 2431 1109 2516 Denique
1125 2432 1283 2509 Johannes

264 2510 543 2577 nonnifiinterfetto
552 2512 755 2585 Domitiano,
776 2509 963 2579 &restituet
979 2514 1074 2579 senatu
1089 2514 1149 2595 ejus
1157 2516 1232 2579 attis
1240 2518 1282 2581 ab

263 2593 370 2661 exsilio
385 2592 473 2656 rediit
485 2592 651 2675 Ephesum.

273 2686 279 2697 '
306 2676 395 2740 lianc
408 2690 506 2737 autem
525 2668 759 2758 persecutionem
774 2676 812 2739 nd
819 2674 917 2739 caeries
926 2672 1018 2764 usque
1025 2672 1213 2765 processisse,
1230 2680 1280 2745 vel

264 2775 305 2824 err
321 2752 386 2823 solo
401 2754 528 2835 ejusdem
539 2748 680 2837 Johunnir
698 2757 842 2843 exemplo
858 2759 979 2841 probari
995 2756 1108 2851 posset,
1138 2763 1190 2847 qui
1209 2763 1282 2827 lieet

265 2842 407 2907 miraculo
415 2836 559 2906 servatur.
575 2834 747 2901 sententiam
755 2856 936 2903 tamenexce
960 2864 1022 2910 erat
1033 2843 1199 2929 capitalem.
1221 2846 1280 2911 His

265 2926 355 2991 etiam
363 2922 465 2990 diebus
473 2922 600 3001 Antipas
608 2920 687 3007 apud
696 2920 872 3009 Pergamum
880 2944 912 3073 p
949 2926 1055 2997 uses,
1074 2930 1156 3004 cujus
1169 2948 1281 3023 manp.

266 3008 343 3074 rhun
355 3006 533 3093 inApocaly
556 3001 649 3092 licap.
668 3030 698 3073 2.
720 3004 863 3071 laudatur.
927 3010 1004 3094 apud
1017 3010 1233 3075 Tertullianum
1247 3032 1279 3074 m

266 3092 438 3177 Scorpiaco.
455 3107 516 3175 quo
551 3086 614 3153 solo
630 3088 735 3177 populi
747 3088 847 3154 furore
860 3089 1068 3179 contigissent
1084 3092 1278 3157 Dodwellus.

266 3172 611 3257 Sedundehaechabeti
638 3174 718 3237 Aeta
736 3173 813 3236 euim
823 3174 1281 3261 vulgaricumquidemimulti·

265 3254 369 3321 tudine
382 3254 625 3405 comprehensum
645 3250 727 3319 fiisse
741 3253 881 3337 tradunt3
901 3256 952 3320 sed
966 3276 1064 3320 tamen
1083 3256 1205 3322 Praefidi
1219 3261 1281 3323 ob·

97 3399 99 3432 ‚
228 3389 231 3400 .
265 3334 397 3404 latuseli.
470 3339 602 3404 tPraeses

266 3439 327 3487 uon
340 3424 561 3510 obtemperaret
576 3458 587 3491 ‚
613 3358 645 3487 dt
660 3420 769 3485 deorum
784 3422 935 3510 religionem
949 3422 1028 3505 negli
1049 3441 1114 3486 eret
1129 3459 1140 3492 ‚
1165 3424 1280 3489 meritis

265 3502 415 3601 suppliciis
435 3528 470 3569 ex
486 3512 668 3583 Romanarum
681 3506 768 3595 legum
781 3505 938 3653 gesnipto
952 3501 981 3567 le
1042 3508 1173 3569 edituum
1197 3528 1282 3571 cont·
1377 3489 1378 3520 ¹

267 3604 394 3651 minatus
411 3585 464 3657 est.
506 3586 665 3651 Hincmar
728 3588 766 3652 ad
818 3587 1177 3675 ianaetemplumraptus‚
1198 3591 1280 3654 &in

266 3664 347 3735 hove
356 3686 441 3733 aeneo
449 3668 585 3734 candenti
594 3670 672 3735 inclu
686 3690 718 3734 us
728 3670 819 3737 vitam
827 3668 914 3734 finiit.
933 3690 1000 3755 quae
1009 3668 1074 3734 sane
1081 3670 1183 3735 omnia
1199 3692 1282 3767 aper·

266 3760 327 3815 tam
336 3749 568 3837 persecutionem
578 3752 795 3837 repraesentant.
837 3751 1122 3818 Nobiseriamfavet
1135 3754 1283 3823 Bruttus»

264 3834 319 3921 qui
327 3831 404 3921 apud
412 3830 592 3922 Eusebium,
611 3834 902 3929 cumiufihronicoi
923 3853 987 3905 tum
999 3836 1035 3933 in
1049 3836 1203 3932 mlum,
1221 3840 1284 3923 pie·
1377 3835 1378 3850 ¹

269 3932 275 3941 '
1190 3926 1280 3993 mmet

635 3336 735 3401 uidem
747 3358 833 3404 eum,
852 3340 934 3422 quod
952 3345 1146 3420 imperarentur
1161 3339 1281 3405 demerit
