2942 4634
248 265 293 362 ⁸4
412 264 778 335 sisinius
829 252 1141 330 Binuaii
1263 306 1269 325 .

246 388 306 449 sem
324 383 465 447 Martium.
505 383 581 443 Nini
599 381 662 442 anui
678 380 781 443 Galerii
800 382 871 462 Imp.
885 381 1081 465 consurgebant
1092 402 1127 443 ex
1146 378 1277 445 Kalendis

287 545 356 599 liso
377 542 486 601 ociies
508 556 546 598 nr
566 541 734 598 Mixiuiiio
756 556 799 597 ic.
822 536 930 615 cous]
951 540 983 597 ln
1000 536 1275 599 FallisMaximianui

251 618 350 677 dicitiri
361 618 465 677 Consul
475 636 508 674 vi
517 636 527 673 i
536 635 557 671 i.
570 614 650 672 solus.
690 615 775 693 Qud
786 614 869 673 etiam
880 614 989 673 tradunt
1007 617 1102 674 audior
1119 615 1228 705 ignotus
1239 616 1276 675 de

252 694 414 753 Consulibus
421 694 549 755 &auuor
554 710 664 769 quoque
670 690 704 747 de
710 689 885 751 Pontificibus
895 691 1027 750 Romanis
1039 690 1223 769 icuspiniano
1236 694 1275 773 ci,

256 771 314 830 tati.
354 774 391 829 At
403 772 465 830 heic
475 770 580 828 additur
592 768 758 827 Maximinus
776 768 884 827 iterum.
916 768 1001 848 Qud
1020 768 1095 827 valde
1106 769 1208 826 mirum
1220 768 1273 837 est,

253 846 398 924 praesertim
411 845 478 906 edm
490 846 524 903 de
535 844 626 920 primo
638 843 710 902 illius
721 844 859 903 consulatu
870 844 1057 923 nulliuspiam
1068 843 1276 905 inentioliabea-

254 937 308 980 tur.
347 922 452 982 Verum
470 921 591 980 dubitare
602 939 659 979 non
672 920 735 979 licet
745 923 812 999 quin
823 923 844 979 is
855 922 954 979 iterum
967 920 1069 981 Consul
1080 920 1162 983 fuerit
1174 961 1183 987 ‚
1207 918 1276 980 αὖοι

255 998 496 1059 luculentislimum
508 998 542 1056 dc
553 1016 587 1054 eo
598 1009 675 1054 extet
687 998 819 1056 tutunus
830 998 1024 1057 testiinonium.

295 1076 431 1135 Aesuris
453 1075 667 1147 ciucciinus]
680 1074 808 1133 Ruffinus
817 1074 862 1133 lib.
874 1092 914 1132 ix.
929 1094 958 1134 ca
978 1094 1017 1132 .i.
1036 1070 1148 1151 Judi'ces
1159 1074 1221 1133 verb
1229 1085 1276 1151 pei

251 1146 369 1229 strigulus
380 1154 499 1209 unitates
511 1152 592 1210 elisia
603 1154 747 1215 mittentes,
760 1094 1065 1239 ¹segetisqueprofilentes.
1084 1150 1201 1209 relaxari
1212 1170 1275 1209 tun-

257 1232 305 1285 tios
317 1232 362 1306 qui
374 1229 525 1287 tenebamur
535 1230 563 1285 in
575 1246 673 1285 cerem
686 1265 695 1291 ,
720 1246 814 1305 quique
830 1231 858 1286 iii
868 1231 977 1287 metallis
990 1242 1039 1285 aut
1051 1226 1204 1304 quibuslibet
1214 1229 1276 1285 viii·
1391 1256 1392 1261 κ

261 1303 326 1362 erilis
336 1304 548 1382 efferuabemui,
567 1323 650 1361 omnes
661 1303 794 1380 abscedere
805 1302 892 1362 liberos
896 1306 1000 1387 jubent.

298 1382 364 1438 Con
365 1400 378 1456 J
385 1399 443 1438 uon
464 1381 542 1455 sui]
564 1380 668 1437 Valeria
678 1379 841 1437 Diocletiani
851 1379 912 1438 filia
952 1386 1018 1440 Huc
1028 1392 1119 1439 tamen
1130 1400 1187 1439 non
1200 1398 1277 1441 mau-

257 1456 293 1513 sit
303 1458 333 1514 in
344 1458 404 1515 aula
415 1458 529 1523 Licinii,
548 1456 585 1513 ob
596 1456 725 1515 ferociam
744 1456 814 1531 ejus,
833 1456 878 1516 sed
889 1458 922 1516 ad
934 1458 1121 1517 Maximinum
1139 1456 1277 1536 confugit·

260 1532 307 1590 ubi
320 1532 432 1611 pessime
445 1533 598 1598 bibinen,
617 1546 650 1590 ut
660 1532 812 1590 videbimus
823 1530 893 1591 iniis
905 1553 960 1611 cap.
968 1552 1074 1592 xxxix.

298 1612 409 1684 Fiiio]
431 1609 616 1673 Candidiano,
635 1610 669 1667 de
680 1628 738 1687 quo
749 1609 854 1668 ditium
865 1609 903 1666 est
913 1608 990 1687 suprd
1001 1630 1056 1691 cap.
1064 1630 1110 1669 xx.

299 1689 476 1744 Honnirrni
498 1704 576 1743 rinc
596 1687 822 1760 construentis]
843 1686 1279 1775 Ruffinuslib.riri.cap.xi.ait
1391 1690 1392 1725 l

224 1796 228 1801 ι
261 1762 401 1821 Galerium
413 1774 469 1823 tam
482 1762 575 1819 multis
586 1761 716 1839 variisque
728 1762 830 1821 morbis
842 1767 869 1824 u
881 1764 999 1841 corporis
1010 1766 1070 1823 tabe
1082 1776 1162 1845 atque
1180 1762 1280 1821 insania

262 1840 362 1897 mentis
372 1839 499 1903 auruum
510 1838 562 1895 elle
572 1853 603 1895 ut
671 1842 753 1912 longos
759 1855 838 1917 atque
843 1841 1029 1899 inextricabiles
1034 1841 1146 1917 langores
1150 1840 1279 1919 scelerum

255 1914 366 1992 suorum
373 1912 455 1993 furiis
466 1918 598 1990 agitatus,
673 1918 781 1974 eostam
791 1915 921 1993 nefariam
929 1920 1057 1994 perderet,
1065 1920 1093 1975 id
1104 1919 1193 1983 est‚ut
1200 1920 1273 1973 Oro·

201 2044 205 2050 .
263 1990 316 2049 sius
333 1994 447 2071 explicat
462 1992 491 2049 in
509 2011 540 2050 ca
559 1991 594 2049 'te
609 2010 731 2050 xxviii.
751 1992 813 2049 libri
824 1992 945 2069 septimi,
964 1998 1022 2052 vien
1040 1996 1158 2074 viresiu
1175 1992 1277 2052 enuit.

262 2070 315 2128 Sed
326 2068 384 2129 baec
394 2088 518 2127 reianon
541 2080 591 2126 unt
619 2073 745 2127 Mortuus
755 2082 846 2127 autem
860 2070 897 2129 est
908 2088 980 2129 anno
991 2072 1092 2131 Christi
1105 2090 1207 2129 cccxi.
1221 2088 1280 2147 quo

262 2142 356 2204 iniciat
368 2165 473 2205 nonum
488 2145 665 2205 &decimum
678 2146 719 2205 im
768 2147 787 2204 ii
799 2146 839 2204 sui
850 2166 961 2207 annum.
1000 2153 1041 2207 lta
1054 2150 1129 2209 enim
1142 2148 1281 2224 colligitur

231 2270 238 2279 ,
262 2221 293 2278 in
311 2224 404 2299 primis
422 2242 457 2283 ex
477 2223 616 2281 Lassantio
634 2224 699 2281 teste
727 2223 937 2283 uculentillimo.
976 2226 1051 2286 Nam
1071 2222 1136 2283 clim
1148 2244 1183 2282 eii
1195 2224 1280 2301 capite

262 2314 384 2356 xxxiii.
404 2300 505 2358 constet
516 2300 656 2359 Galerium
674 2306 802 2436 tproiam
821 2302 926 2377 coepisse
938 2321 1008 2359 anno
1020 2303 1130 2362 decimo
1142 2305 1169 2361 bt
1181 2302 1280 2358 nuovo

258 2372 432 2465 'imperiisuip
448 2376 614 2460 &morbum
625 2380 682 2452 ejus
711 2376 1280 2466 uiarilseperannumpeipeiemsacpollen

262 2448 343 2506 illum
356 2449 525 2539 deficientem
536 2471 607 2511 anno
617 2454 737 2533 sequenti
755 2454 874 2511 edilium
893 2452 990 2537 misisse
1002 2467 1034 2511 ut
1048 2454 1204 2510 Christianis
1216 2453 1282 2510 lice-

263 2537 305 2613 ret
315 2526 407 2614 Deum
419 2525 526 2601 publici
539 2531 646 2590 colere,
669 2544 866 2610 mortuumque
878 2529 930 2587 ell'e
947 2528 1004 2587 ciem
1016 2532 1078 2612 jem
1090 2526 1192 2607 future
1202 2527 1283 2606 efferte

263 2602 409 2658 vicennalia
414 2600 536 2661 Kebndis
549 2607 659 2660 Martiis
669 2608 893 2681 impendentibus,
912 2606 1014 2666 darum
1026 2607 1063 2665 est
1074 2624 1138 2665 euni
1151 2624 1208 2664 non
1219 2624 1281 2681 pei-

263 2676 364 2734 venisse
374 2678 407 2733 ad
418 2694 519 2734 annum
532 2678 560 2734 vi
645 2698 695 2735 um
713 2683 822 2768 imperii
841 2684 902 2751 sui,
920 2684 965 2742 sed
977 2696 1121 2741 mortuum
1140 2683 1191 2742 elle
1208 2700 1282 2741 anno

262 2753 371 2843 decimo
382 2772 465 2843 nono3
491 2754 516 2809 C
564 2754 632 2843 entit
644 2755 1015 2847 Iadantioiluieliusvidor
1025 2761 1055 2819 in
1065 2760 1135 2819 libro
1147 2761 1180 2819 de
1192 2752 1279 2847 Celsi·

240 2830 1279 2992 .slsqsllssssslsuslslszsffiszssfflll3

262 2986 407 3063 constantii
418 3004 534 3043 merium
539 2984 614 3063 feeit,
635 2982 694 3043 cun
705 2986 767 3063 fian>
777 3002 885 3069 uterque
902 2994 1044 3067 potentiam
1054 2995 1182 3071 Cassarum
1200 3009 1280 3046 armoe

261 3066 384 3121 tredecim
390 3064 516 3141 geffiyyeeie.
556 3064 642 3141 Qud
653 3062 829 3123 confirmatur
846 3067 1004 3125 undositate
1016 3070 1138 3147 Eutropii
1157 3070 1185 3125 iii
1199 3066 1283 3123 initio

261 3138 326 3197 libri
344 3142 410 3197 noni
429 3144 464 3198 be
477 3159 513 3198 eii
523 3139 664 3198 Chronico
682 3141 825 3200 Alexandri
845 3162 864 3199 o
885 3161 943 3218 pag.
960 3148 1021 3215 ⁶5¹·
1042 3144 1088 3200 ubi
1101 3144 1229 3221 scriptum
1240 3142 1280 3200 est

264 3216 471 3283 Constantium,
489 3218 537 3297 qui
545 3162 960 3279 CaelarcumGaleiiollidtusest‚
983 3221 1011 3275 bt
1023 3220 1119 3276 eodem
1133 3221 1280 3299 dieAugu-

263 3292 317 3350 stus
325 3308 501 3369 nuncupatus
512 3293 550 3351 est
560 3312 617 3371 quo
629 3295 765 3359 Galerius,
785 3294 877 3351 obiisse
895 3293 1005 3350 Eboraci
1017 3294 1046 3351 in
1058 3295 1194 3353 Britannia
1205 3315 1280 3355 anno

261 3368 457 3429 decimotertio
495 3372 502 3385 ’
537 3370 680 3447 ipatussui‚
699 3370 936 3433 exinanietur,
959 3370 1281 3451 quumabaliquotmen-

262 3444 333 3533 sibus
344 3446 442 3535 iniisset
503 3448 591 3535 ‘uni
603 3461 740 3537 quartum.
769 3448 853 3537 Atqui
864 3442 940 3536 supini
951 3464 1005 3535 cap.
1013 3450 1282 3527 xrsrprobaeimus
1392 3476 1393 3531 3

262 3522 464 3579 Diocletianum
471 3526 704 3583 &Maximianum
710 3522 854 3599 deposuich
866 3541 1012 3601 imperium
1022 3543 1094 3583 inno
1099 3526 1198 3585 Christi
1205 3546 1279 3585 coci.

262 3596 389 3657 Kalendis
400 3599 476 3655 Maii.
513 3602 607 3677 ltaque
617 3603 665 3679 qui
676 3616 737 3659 tuni
745 3598 831 3659 Caesai·
843 3612 898 3659 erat
911 3600 944 3658 ab
956 3602 1178 3669 annisirededm
1198 3606 1282 3681 adop·

261 3686 332 3733 tatiu
343 3674 430 3733 iuuat
440 3692 510 3732 inno
522 3675 622 3733 Christi
634 3695 778 3736 ccxciii.
795 3677 919 3736 Kalendis
931 3678 1041 3737 Martiis.
1072 3676 1157 3757 Qud
1169 3678 1189 3739 si
1201 3682 1283 3741 addin

195 3800 207 3813 .
259 3751 478 3831 quinquennium
490 3750 536 3808 seii
547 3752 638 3829 potius
650 3755 808 3813 sexennium
822 3754 940 3830 imperii.
962 3754 1041 3814 ficut
1052 3758 1163 3835 reperies
1170 3756 1281 3815 consui·

258 3839 482 3909 guenumerutu
492 3832 830 3899 unmmnorrmdeom
842 3830 1164 3913 quibuseiuniiiiperasse
1173 3834 1281 3909 colligi-
