2942 4634
245 333 310 403 292
383 308 751 410 Jorrtnnrr
800 304 1154 381 Conunrr-

245 440 353 500 bantur.
393 438 455 496 Imo
467 432 576 523 fingulis
587 433 670 491 etiam
684 431 786 499 lustris,
806 417 1077 570 srrequintpuenniis,
1096 436 1202 499 resbrrc
1214 440 1273 501 dein

238 530 406 673 ltili?
407 528 460 648 tia
472 510 755 646 filiiflii&
763 530 953 657 ilill‘dl
959 530 1146 648 lilii?
1140 532 1276 671 13¹3anss

245 670 356 731 bantur,
375 667 458 725 lustro
472 666 556 724 altero
569 666 683 723 demum
706 667 845 741 completo
864 664 1000 724 solvenda.
1040 672 1112 725 Vota
1130 669 1276 730 vicennalia

246 746 451 823 suscipiebantur
463 763 537 803 anno
549 744 757 823 quintodecimo
771 743 898 821 imperii:
917 742 1016 801 festum
1030 762 1096 800 vero
1113 743 1202 821 ipsum
1216 768 1275 828 age.

249 825 325 883 batur
337 822 483 891 vicefimo;
505 841 562 900 quo
575 840 687 878 munera
707 820 791 878 etiam
811 822 969 896 Imperatori
983 820 1057 877 mitti
1075 820 1216 889 solebant;
1241 828 1275 885 de

247 902 344 980 quibus
357 899 419 957 ride
432 898 630 976 Symmachum
647 898 692 956 lib.
709 919 749 955 10.
770 897 849 973 Epist.
863 900 906 953 26.
926 898 978 955 Rei
992 911 1117 975 praeterea
1135 903 1279 962 carceribus

250 976 440 1035 eximebantur
453 1019 462 1043 ,
488 978 551 1034 Deo
563 976 653 1053 gratire
665 975 812 1057 agebantur
825 977 838 1040 ,'
860 976 979 1051 pecuniae
997 975 1222 1036 distribuebantur
1232 998 1279 1057 per

250 1054 391 1122 civitates,
406 1058 434 1113 δι
448 1054 540 1113 laetitia
553 1052 656 1129 Publica
672 1051 766 1109 multis
786 1051 874 1109 modis
887 1048 967 1110 fiebat
989 1052 1116 1109 testatior.
1156 1058 1222 1115 Haec
1242 1077 1277 1114 ex
1352 1101 1357 1109 .

249 1132 374 1191 nummis
386 1131 490 1209 plenius
501 1128 845 1206 docentAdolphusO'cco,
866 1129 993 1190 Erimus,
1012 1128 1214 1197 ueteranus,
1232 1133 1278 1192 fif.
1313 1150 1318 1157 ·

251 1222 383 1297 mamque
397 1225 443 1265 aut
457 1220 580 1285 repetunt
594 1205 663 1275 alii;
684 1220 714 1265 ut
733 1206 846 1264 Carolus
863 1204 1021 1264 Dufresnius
1041 1205 1230 1266 Dissertatione
1248 1212 1281 1270 ‹le

254 1286 461 1344 numismatibus
476 1287 527 1343 aevi
538 1283 687 1350 inferioris,
707 1303 768 1363 pag.
780 1304 821 1356 29.
843 1285 944 1361 Magni
951 1283 1046 1343 itidem
1060 1287 1279 1365 cumcuriargn·

254 1375 382 1421 mentum
395 1362 468 1421 idem
482 1362 629 1421 trabbrruut
637 1364 769 1419 Henricus
777 1360 900 1419 Norisrus
908 1361 1095 1419 Dissertatione
1107 1360 1140 1418 de
1152 1364 1222 1419 votis
1234 1363 1279 1422 de-

255 1439 430 1503 cennalibus,
450 1444 478 1499 δι
491 1440 626 1499 Antonius
637 1439 731 1519 Pagius
743 1438 934 1496 Dissertatione
950 1439 1084 1517 Hypatici
1094 1436 1141 1495 seu
1161 1439 1194 1497 de
1206 1440 1281 1498 Con·

255 1515 384 1575 sulatibus
397 1516 528 1577 Caesareis.

296 1600 358 1652 AD
378 1601 447 1651 xri.
470 1595 602 1654 Kalendas
617 1592 789 1668 Decembres]
810 1591 947 1649 videndus
961 1591 999 1649 est
1011 1592 1044 1650 de
1056 1592 1182 1653 hocloco
1196 1595 1282 1652 Anto-

257 1670 318 1729 nius
332 1672 441 1747 Pagius‚
459 1672 516 1744 jam
532 1673 597 1728 dieii
612 1672 699 1747 operis
712 1672 809 1751 pagini
822 1689 874 1742 90,
894 1689 944 1742 92,
965 1673 993 1728 ὅ(
1007 1670 1206 1745 93.ubitrndit‚
1226 1690 1284 1730 non

258 1747 320 1806 ideo
334 1746 460 1807 celebrata
472 1741 487 1802 i
503 1747 674 1804 Diocletiano
688 1748 743 1806 hoc
755 1752 798 1808 die
809 1747 967 1807 vicennalia.
988 1748 1063 1824 quod
1076 1746 1098 1805 is
1109 1748 1285 1825 effetimperii

259 1824 317 1901 ejus
330 1824 421 1881 natalis
426 1847 437 1890 ς
455 1820 499 1880 sed
531 1825 574 1880 uia
585 1835 651 1879 tunc
665 1824 851 1882 Maximianus
866 1825 1008 1883 Herculius
1014 1822 1101 1882 Caesar
1111 1824 1284 1886 eisetnuncu·

204 1976 205 1979 Ἰ
258 1913 344 1979 patus.
384 1900 466 1979 idque
487 1898 513 1955 fa
543 1919 590 1957 um
609 1897 773 1977 aliquoties,
800 1904 896 1977 utique
921 1903 981 1978 post
1000 1901 1171 1959 Constantini
1189 1904 1284 1982 Magni

258 1992 397 2055 tempora,
417 1990 448 2034 ut
462 1977 537 2035 causi
557 1974 683 2055 quapiam
703 1974 921 2040 interveniente,
948 1997 1005 2034 non
1023 1978 1104 2054 ipsius
1116 1981 1287 2056 Imperatoris

258 2056 361 2134 primi,
381 2054 425 2112 sed
438 2052 571 2131 participis
582 2052 639 2129 ejus
651 2052 695 2109 die
709 2050 789 2116 natali
804 2093 813 2119 ,
833 2050 888 2111 hoc
899 2052 959 2119 est,
986 2073 1046 2133 quo
1059 2056 1186 2135 particeps
1197 2058 1286 2135 impe·

257 2136 332 2193 rium
346 2130 490 2209 auspicatus
505 2130 607 2195 fuerat,
627 2126 726 2187 festum
738 2130 819 2205 hujus
831 2130 936 2209 generis
949 2132 1134 2192 celebraretur.

301 2208 488 2297 ⁴Quicunque
494 2210 525 2287 se
537 2208 636 2289 premi]
660 2211 751 2287 Lego,
770 2228 819 2287 quo
831 2210 996 2287 utcunquese
1007 2215 1097 2288 premi.

300 2293 432 2347 Animam
507 2286 770 2361 necrammrotam]
786 2286 889 2351 idest,
910 2290 1017 2352 vitam,
1037 2300 1084 2344 aut
1103 2286 1194 2346 vitales
1212 2286 1290 2365 spiri·

260 2375 313 2425 tus.
353 2367 397 2423 Sic
417 2379 492 2424 vetus
511 2366 662 2425 bibliorum
683 2366 810 2439 interpres
823 2382 847 2418 2.
862 2366 933 2417 Sam.
951 2381 973 2418 r.
988 2380 1012 2416 r.
1027 2380 1064 2432 9.
1091 2359 1238 2444 ,Quoniam
1249 2382 1291 2423 re·

259 2457 321 2499 nent
333 2460 375 2497 me
389 2440 528 2513 angustia,
550 2441 586 2512 ό»
603 2442 756 2500 adhucrora
767 2440 857 2495 anima
868 2455 925 2492 mea
938 2438 965 2493 in
983 2456 1024 2492 mr
1037 2434 1078 2511 est
1119 2442 1293 2513 Martyroio.

260 2517 340 2594 glum
353 2515 466 2573 Usuardi
480 2554 488 2578 ‚
508 2519 576 2590 prid.
591 2519 650 2575 Kal.
667 2516 740 2577 Febr.
760 2514 845 2591 Ibique
850 2515 988 2593 spirirum,
1006 2516 1050 2589 qui
1062 2516 1089 2572 ira
1101 2532 1128 2572 ro
1136 2516 1292 2593 supererat,

259 2594 394 2673 ejecerunt.
434 2590 505 2646 Vide
517 2592 619 2648 Barthii
632 2592 777 2651 adversaria
788 2611 847 2671 pag.
866 2592 942 2650 1682.

476 2703 479 2710 -
562 2668 616 2721 ΙΝ
658 2668 771 2725 ΕΗ.
817 2670 994 2728 XVIII.

252 2788 255 2793 Α
299 2736 640 2823 Ajebareiindermreffe]
669 2742 782 2804 Scribe.
807 2742 1085 2825 Ajebar&irrdrrerrr
1098 2744 1141 2823 effe
1159 2784 1169 2809 ‚
1187 2746 1294 2823 utboc

261 2822 420 2883 membrum
432 2815 570 2896 sequenti,
591 2812 626 2885 ά
638 2816 846 2878 winterturum,
867 2820 981 2895 lepidius
994 2823 1156 2903 respondeat.
1266 2892 1269 2898 ,

301 2896 449 2957 Multorum
465 2892 512 2979 fibi
530 2894 590 2952 odia
607 2888 736 2971 queſsiset]
753 2894 874 2953 [auant.
883 2895 901 2953 l.
911 2916 935 2954 2.
944 2918 1018 2961 c.12.
1037 2910 1086 2959 Per
1098 2901 1152 2984 rjus
1164 2902 1295 2961 divinum

263 2966 1294 3134 tstpihslsttitm

263 3132 342 3192 Adde
352 3136 476 3190 Gronov.
497 3128 529 3187 ad
542 3132 605 3187 Seu.
626 3130 705 3187 Herc.
729 3131 791 3187 Fut.
807 3148 832 3185 v.
849 3134 912 3203 285.

302 3207 402 3269 Nervii
414 3226 476 3266 vero
494 3226 543 3264 uno
555 3225 620 3263 amir
634 3206 795 3283 imperante]
817 3212 939 3265 Nervam
949 3226 1011 3264 verr
1022 3226 1072 3266 um
1082 3226 1147 3265 anm
1158 3211 1295 3289 imperan-

264 3298 319 3344 tem
338 3285 507 3344 scribendum
518 3280 585 3349 ess'e,
605 3283 674 3340 ratio
688 3282 827 3370 syntaxeos
839 3285 963 3372 evincit..

209 3470 212 3480 2
265 3360 670 3518 airrtlsrlrtt²2l
680 3360 1298 3511 rettulitretiulit

207 3584 211 3593 ·
267 3518 403 3595 exiguum
416 3517 514 3578 nimis,
528 3514 667 3574 videbatur
679 3513 803 3579 Galerio,
823 3513 910 3572 srduo
923 3515 1038 3591 majores
1056 3518 1202 3577 retinerent
1216 3519 1299 3580 surn-

266 3614 343 3683 mam
356 3595 477 3727 inpperii,
499 3591 552 3670 ipse
564 3604 705 3652 contentus
717 3593 830 3650 nomine
844 3590 965 3654 Caesaris,
985 3594 1097 3653 tertium
1109 3610 1300 3677 autquartum

268 3684 370 3731 teneret
394 3691 486 3729 ocum.

304 3746 485 3830 Jamfluxrffl
498 3767 575 3806 annos
587 3746 755 3825 quindecim]
785 3746 904 3804 Lniiant.
917 3748 937 3805 l.
954 3766 967 3823 3
991 3768 1016 3806 c.
1033 3766 1074 3823 ¹7·
1089 3768 1124 3806 ex
1138 3730 1297 3813 mente'ad

266 3827 587 3895 versariorum-‚uultum
598 3827 681 3888 diem,
701 3826 803 3886 nusum
814 3826 922 3904 denique
933 3826 1178 3905 remporripuniirrm
1190 3830 1301 3907 effluere

272 3904 341 3964 orbis
347 3900 403 3981 stre
416 3903 549 3979 voluptate
557 3903 702 3979 patiamur.

1216 3988 1305 4051 ,An-
