2942 4634
201 405 566 544 perpendendum
596 420 643 510 in
673 421 878 548 primis,
905 410 1051 551 ⁸quod
1076 401 1260 510 liberam

200 541 329 652 nobis
366 545 539 649 tamdiu
564 547 809 688 profitendi
834 560 883 649 in
910 562 1048 687 patria
1069 558 1261 687 purioris

200 681 343 785 divini
362 685 507 788 cultus
541 693 836 826 potestatem,
891 726 1032 829 quam
1069 688 1260 789 demum

201 821 323 962 apud
351 863 516 928 exteros
542 825 641 955 juffi
677 824 746 931 vel
771 828 916 956 injussi
938 825 1260 971 quaesivimus‚

205 959 561 1109 nulla-'utiquein
577 973 778 1070 nostrum
794 983 964 1105 Regem
989 964 1261 1108 perduellio·

206 1141 291 1222 ne,
328 1143 409 1207 nec
436 1105 527 1208 ullo
555 1105 774 1216 maleficio
787 1082 846 1209 in
871 1120 986 1210 cives
1010 1104 1262 1248 misemdoq

208 1251 276 1344 mi
295 1243 630 1486 Kerdiderimus.
704 1259 831 1352 Nam
852 1287 950 1391 quo
969 1246 1089 1362 civili
1110 1285 1265 1386 pecca·
1297 1279 1301 1284 ’

209 1415 261 1484 to
330 1425 389 1486 aec
421 1399 645 1525 patimur?
718 1401 883 1532 Neque
917 1425 1022 1489 vero
1055 1400 1270 1488 animum

210 1560 443 1664 propterea
462 1524 582 1629 feriit
607 1536 757 1630 minus
780 1525 994 1668 particula
1032 1532 1110 1630 ista
1138 1563 1267 1630 com-

210 1663 470 1768 minationis
500 1667 704 1769 Mosaicae
729 1667 788 1768 ad
811 1665 1014 1768 Israelitas
1027 1746 1042 1789 ‚
1081 1661 1266 1769 fi'semel

209 1811 260 1906 in
274 1815 535 1908 Dominum
549 1803 1118 1926 obstinatiusrebellaffent,
1154 1809 1272 1950 φρικὶ

198 1949 247 2084 fi
269 1952 414 2048 audire
439 1953 619 2050 nolueris
640 1989 773 2052 vocem
794 1958 956 2050 Domini
982 1961 1060 2049 Dei
1088 1957 1183 2065 tui,
1219 1976 1269 2048 ut

212 2090 497 2223 custodias&
505 2089 650 2227 facias
678 2101 811 2192 onmia
831 2092 1152 2220 mandataejus,
1188 2092 1271 2186 du·

213 2256 337 2350 cette
365 2241 558 2341 Dominus
587 2241 633 2332 in
651 2259 812 2368 gentem
836 2267 956 2365 quam
975 2231 1172 2368 ignorasti
1197 2257 1269 2343 tu,

216 2377 280 2486 &
302 2397 450 2504 patres
476 2378 556 2470 tui.
592 2380 594 2386 ’
631 2379 757 2468 Nam
784 2406 921 2510 quam
942 2365 1194 2468 timendum
1214 2403 1273 2464 ne

218 2507 281 2607 ob
304 2503 491 2612 similem
517 2542 681 2609 noxam
699 2543 856 2607 arcano
884 2518 972 2610 Dei
997 2505 1168 2635 j‘u'dicio
1192 2543 1273 2605 co-

219 2641 310 2747 :mi
339 2643 447 2788 pleri
484 2687 537 2748 ue
559 2684 715 2752 omnes
736 2643 947 2749 fuerimus
972 2644 1115 2748 solum
1134 2681 1274 2746 verte·

220 2827 268 2890 re
293 2861 308 2904 ,
339 2797 407 2889 ’δι
440 2687 605 2931 iiiique
631 2798 745 2889 inter
771 2822 862 2887 tam
889 2781 1051 2886 multas
1075 2777 1275 2888 nationes

280 2938 523 3066 regtmari?
593 2934 655 3031 At
670 2923 786 3029 nihil
801 2923 981 3028 tandem
994 2927 1172 3066 saepius,
1208 2936 1278 3024 ni⁴

275 3065 441 3172 laetius
454 3067 544 3174 huc
560 3065 696 3209 usque
708 3069 931 3208 cogitavi,
956 3076 1275 3168 Ammssim

225 3221 458 3328 PATRES,
483 3245 623 3351 quam
636 3243 921 3310 contumaces
938 3203 1048 3306 olim
1063 3201 1277 3326 israelitas,⁴

220 3345 438 3454 ficeterae
467 3345 609 3456 Mofis
636 3348 661 3446 s
685 3356 1053 3464 estenmrminae‚
1091 3345 1279 3448 nonab-

227 3489 452 3601 ducendos
475 3486 615 3594 modo
641 3385 766 3592 gisse
784 3482 1089 3627 adgentessibi
1110 3523 1159 3586 ac
1180 3522 1279 3584 ma-

227 3633 397 3758 joribus
423 3639 595 3772 ignotas
618 3707 633 3751 ,
670 3625 744 3730 sed
765 3623 995 3729 servituros
1011 3636 1143 3728 etiam
1162 3621 1283 3726 fuiffe

224 3772 350 3920 *apud
373 3767 463 3888 illas
489 3767 655 3976 ligneis:
676 3764 946 3979 limideisq'ue
976 3765 1286 4014 mdiffiatmffi
