2942 4634
282 274 357 381 ’440
435 278 619 358 Traron.
646 280 902 357 Ruruaurt
923 281 1182 362 Panna-,10

282 410 383 461 tamen
398 398 547 479 Martyres
565 396 680 460 omittit
693 395 812 462 aliunde
832 394 1008 467 notillimns.
1048 400 1124 465 Non
1140 400 1294 468 Rutilium

282 480 426 550 exhibet,
445 480 516 565 qui,
535 478 606 541 telle
622 479 808 543 Tertulliano
822 481 852 543 in
868 479 949 543 libro
962 481 1002 544 de
1020 479 1107 567 suga,
1126 482 1193 567 post
1200 490 1294 549 etita·

280 576 329 625 tos
345 558 448 645 saepius
464 557 661 645 persecutores
677 598 689 631 ,
716 561 834 647 tandem
849 561 1076 645 comprehensus
1090 565 1101 626 i
1142 584 1159 626 e
1184 584 1296 649 marty-

279 640 598 723 siumconsummavit3
618 663 673 707 nec
683 644 852 715 Mavilum,
872 646 967 730 quiex
976 643 1084 710 eodem
1133 648 1294 714 ertulliano

280 724 318 789 ad
334 724 508 809 Scapulam,
527 725 606 809 apud
620 724 822 791 Adrumetum
840 726 891 789 sub
908 727 1021 792 Severo
1035 726 1170 813 principe
1183 730 1222 793 ad
1237 730 1293 795 be.

280 802 345 870 llias
360 806 512 872 damnatus
528 806 579 869 est.
625 810 727 873 Immo
743 828 803 871 oon
825 807 868 872 ibi
885 806 1071 873 recensentur
1084 810 1257 876 Laurentius
1275 852 1291 884 ,

277 887 430 973 Ignatius,
450 889 636 957 &Celerina
654 914 665 970 ;
686 911 746 953 non
764 888 881 960 Bassus,
897 890 1062 960 Fortunio,
1079 891 1190 977 aliique
1205 896 1291 958 Mat-

276 984 356 1053 tytes
373 970 617 1057 Carthaginenses
633 971 662 1033 in
675 972 863 1059 Cyprianicis
885 972 1015 1057 epistolis
1040 972 1159 1038 laudati.
1199 974 1288 1040 ldcnr

276 1050 642 1138 observaripotel’tdealiis
651 1054 830 1119 Kalendatiis
845 1054 944 1142 pellea
957 1054 1150 1118 concinnatis.
1193 1060 1289 1140 Quod

274 1134 371 1200 velex
384 1135 494 1199 celebri
504 1137 698 1201 Muzarabum
711 1132 1010 1222 Milsaliperspicuutn
1026 1136 1087 1206 est,
1112 1138 1142 1200 in
1157 1156 1220 1223 quo
1233 1140 1289 1204 ali.

275 1236 353 1303 quot
370 1220 520 1303 Martyres
539 1216 725 1305 Hispanicia
753 1219 915 1284 Prudentio
938 1218 1049 1284 laudati
1063 1217 1284 1286 defiderautur:
1366 1291 1367 1294 ,

300 1300 377 1363 uales
393 1297 458 1364 sunt
477 1300 588 1363 Zo'e‘lus
607 1299 806 1365 Cordubensis
823 1339 834 1372 ,
864 1302 1020 1385 cucuphas
1035 1298 1288 1373 Barcinonensis,

274 1318 523 1469 {noratisvirgm
540 1383 636 1447 immo
652 1380 705 1470 ipfi
723 1383 910 1448 celeberrimi
925 1404 1038 1447 xvrrr.
1055 1400 1200 1465 martyres
1213 1385 1287 1450 Cae·

273 1462 471 1551 fetaugullani
513 1464 669 1534 Tandem,
690 1483 723 1530 ut
731 1467 830 1551 paucis
839 1464 1006 1536 absolvam,
1029 1463 1213 1549 exhocipso
1226 1464 1286 1530 san·

277 1546 386 1611 §larum
399 1548 553 1631 Perpetuae
563 1546 763 1613 &Felicitatis
780 1549 942 1634 exemplo,
959 1545 1042 1631 quod
1056 1546 1177 1609 adducit
1192 1548 1290 1613 Dod-

274 1629 381 1694 wellus
389 1629 425 1692 ad
433 1630 617 1712 probandum
626 1629 724 1693 nullos
736 1632 884 1713 Mattytes
894 1627 1066 1694 inhisfastis
1075 1626 1193 1693 omissos
1208 1628 1288 1702 effe,

274 1710 618 1797 quodibicatechumeni
635 1710 667 1777 dt
682 1714 820 1777 mulieres
835 1730 1086 1781 memorarentur,
1106 1714 1287 1776 contrarium

273 1795 400 1859 omnino
412 1794 594 1866 evincimur,
609 1794 641 1859 id
684 1793 795 1859 esancli
805 1792 960 1881 Augustini
974 1794 1092 1865 verbis,
1111 1795 1163 1881 qui
1176 1793 1286 1859 sermo·

274 1886 395 1963 rre283.
415 1878 453 1942 de
462 1877 507 1939 his
516 1877 628 1941 duabus
655 1875 791 1939 anslisfic
807 1876 963 1962 loquitur:
994 1880 1119 1938 Duarum
1129 1878 1289 1961 sandolo·

273 1958 780 2045 Martyrumybflmnhodie-celelronm
789 1960 846 2022 dcc.
868 1958 1047 2024 infioevero
1059 1956 1228 2027 sermonis.
1248 1969 1286 2025 ht

210 2104 213 2113 ,
271 2039 324 2104 boe
330 2043 438 2130 infigatis
441 2042 539 2143 glorie
551 2049 679 2109 comitatu
687 2046 830 2103 ctiamnlrr'
837 2058 969 2126 martyres
975 2042 1113 2125 ficerunt:
1132 2042 1286 2187 todondr'pso

271 2120 407 2187 dieetr‘am
420 2130 477 2187 utri
484 2128 622 2209 fortiffimt'
634 2125 745 2210 pullione
759 2129 903 2186 nitentat:
926 2141 1074 2187 nectamur
1083 2123 1201 2186 nendo»
1245 2150 1287 2189 οι

264 2203 321 2287 fieti
338 2204 484 2273 numinibus
500 2206 759 2271 commendaverunt.
828 2205 879 2268 uod
892 2226 946 2269 non
957 2204 1017 2268 ideo
1023 2208 1129 2290 faidum
1143 2211 1205 2276 cll,
1222 2215 1288 2295 qu'a

260 2288 377 2371 semine
384 2291 449 2351 virui
455 2289 589 2376 dignitate
593 2293 718 2379 praelatae
721 2292 802 2371 fiat,
835 2286 976 2376 edqtta'ata·
992 2286 1122 2350 meurs
1135 2287 1287 2366 infinita

268 2372 408 2433 inimicam
421 2377 482 2434 anai
500 2396 561 2437 atum
574 2374 705 2436 miraculo
718 2375 816 2449 majora
828 2370 932 2434 devicit
940 2371 1001 2437 dcc.
1020 2369 1079 2430 Sed
1092 2368 1167 2450 quid
1175 2369 1286 2435 adram

268 2394 717 2538 veretaexempiarecurrimum
735 2474 804 2516 curn
819 2452 851 2515 id
864 2450 959 2539 ipsum
966 2452 996 2514 in
1003 2447 1151 2512 hodierius
1169 2452 1289 2517 Kalen·

267 2528 357 2597 datiis
364 2536 461 2619 quivis
468 2535 622 2601 observate
631 2536 718 2599 facile
725 2538 834 2621 queat&
853 2535 886 2598 in
902 2534 1006 2620 quibus
1019 2550 1079 2593 non
1093 2527 1191 2594 solum
1200 2553 1289 2600 exte·

265 2632 364 2680 aarum
379 2616 429 2682 sed
445 2616 535 2681 etiam
550 2616 728 2680 viciniorum
739 2619 771 2681 dt
786 2612 1080 2701 comprovincialium
1090 2612 1286 2684 ecclesiarum

266 2697 623 2783 Martyres&patroniut
654 2696 1071 2762 lurimutnnoncelebrautut:
1089 2696 1287 2784 immoqnan·

267 2778 370 2866 doque
382 2781 465 2844 unius
482 2776 614 2842 ecclesrae
688 2794 783 2859 ttyres
796 2797 846 2842 aut
862 2778 996 2863 episcopi
1011 2780 1043 2842 in
1059 2778 1151 2843 aliena
1159 2782 1285 2847 ecclelia

265 2863 421 2931 coluntur,
440 2862 493 2949 qui
508 2862 619 2925 nullutn
636 2859 792 2923 habentia
809 2861 928 2945 proptia
941 2862 1067 2930 cultum.
1109 2862 1204 2945 Quod
1211 2862 1285 2930 ideo

264 2943 376 3011 aruum
392 2942 448 3010 else
465 2962 564 3033 puto,
590 2942 675 3032 quod
690 2964 793 3007 eorum
808 2942 944 3029 reliquiae
959 2941 1050 3009 sacrae
1065 2943 1123 3007 alid
1136 2945 1283 3012 transsate

264 3026 395 3111 fiterint3
415 3048 572 3101 autcerte,
592 3028 784 3115 quodeotum
793 3027 1134 3091 Auaronmberenrur.
1177 3028 1284 3093 Patro·

263 3110 316 3174 clo
326 3111 488 3176 Tricaffino
507 3113 628 3194 martyri
642 3129 784 3199 parvum,
806 3110 900 3192 inquit
916 3107 982 3175 Gne
1003 3108 1283 3175 oriusffurooeufis

263 3190 319 3256 lib.
331 3216 358 3259 1·
371 3194 657 3278 Mitaculorumcap.
673 3196 724 3267 64
744 3190 902 3257 exhibebant
908 3196 988 3273 famu
1017 3210 1094 3261 tuno,
1111 3192 1186 3281 quod
1197 3192 1285 3279 bist·-

262 3278 738 3362 riapaffionaejusnoolaamturln
762 3293 857 3338 romeu.
901 3274 1117 3357 Quainventa,
1131 3276 1283 3362 populu...

260 3360 413 3445 construlla
424 3360 505 3447 super
512 3383 567 3423 tum
583 3356 692 3438 basilica
703 3291 883 3445 fedissimum
890 3361 1001 3446 tjutpcr
1011 3356 1285 3450 ,stagtdotaautesda-

260 3456 324 3504 note
338 3440 543 3511 concelebravit.
582 3440 684 3505 Aliam
694 3440 837 3503 rationem
854 3439 1068 3505 destructorum
1086 3456 1237 3524 paucrtate
1250 3440 1285 3505 in
1366 3473 1367 3486 t

257 3524 409 3587 veteribus
426 3522 626 3592 Kalendariis,
653 3519 740 3586 affert
750 3524 897 3600 Johannes
913 3522 1027 3586 Fronto
1041 3519 1216 3587 Canonicus
1233 3542 1284 3586 re-

256 3605 384 3685 gularis,
405 3606 436 3669 io
455 3606 628 3691 praenotatis
645 3604 682 3669 ad
699 3604 906 3669 Kalendarium
922 3606 941 3669 a
955 3604 985 3669 se
1000 3604 1173 3687 vulgatum,

254 3686 368 3752 seilicet
385 3708 487 3755 eorum
502 3686 710 3752 tantummodo
726 3688 888 3751 sanctorum
904 3688 1024 3751 nomina
1040 3686 1071 3749 in
1080 3682 1148 3763 ejus
1220 3686 1281 3751 'sa-

254 3767 304 3831 aus
322 3766 571 3839 describerentur,
592 3790 720 3854 quorum
736 3769 801 3835 dics
817 3768 923 3833 festivo
938 3768 1043 3853 populi
1055 3764 1222 3838 concursu,
1242 3770 1283 3837 dt
1366 3791 1367 3830 ι

251 3846 381 3942 publicis
389 3850 777 3948 heriliciiscelebrabanttu3
801 3851 1166 3945 ldptobategeoegmo
1185 3853 1284 4002 pff,
1366 3855 1367 3884 r

259 3969 284 4027 ,ι
1007 3968 1011 3972 ἢ
1264 3968 1283 4013 ⁸
