2942 4634
259 321 283 395 4
407 295 1123 380 sisinnii-axium

259 428 483 498 emendavimus,
508 427 553 488 sed
571 448 602 488 ea
620 429 719 487 intaeta
735 427 893 507 reliquimus
910 430 939 488 in
957 432 1052 510 quilius
1070 427 1177 490 audacia
1193 421 1275 488 cintia¹
1388 449 1389 512 }

259 508 341 586 gendi
359 527 417 566 non
434 505 541 566 vacabat
557 505 685 582 periculo
725 505 847 564 Fortassis
865 509 909 565 aiii
927 508 1057 567 feliciores
1068 522 1153 566 erunt.
1188 509 1275 564 Com·
1388 519 1389 526 ¹

258 582 362 661 politus
379 589 407 644 de
425 582 560 640 absolutus
577 582 615 639 est
634 581 701 640 liber
717 590 752 639 eo
764 601 834 640 anno
846 602 903 672 quo
913 585 972 661 post
983 585 1116 643 extindtos
1126 583 1281 661 perseeuto-

259 679 302 716 res
321 659 504 718 dulciffimum
523 657 781 734 &pulcherrimum
800 679 870 736 pacis
888 680 991 720 nomen
1001 663 1123 720 auditum
1136 661 1173 717 est
1186 661 1214 716 in
1226 661 1275 715 Ec-

259 734 337 793 defia
350 736 470 800 Christi,
496 733 641 813 nostrisque
652 734 884 794 hominibus-tran
904 737 1001 794 uillitas
1019 758 1049 796 ac
1067 736 1196 816 loquendi
1214 731 1277 792 scri·

259 810 392 899 bendique
410 811 515 869 libertas
531 812 656 870 restituta
696 813 768 892 Qis
789 815 863 870 enim
885 756 938 872 liii

257 886 332 949 beret
351 906 379 946 in
397 887 490 945 me'dio
508 887 676 944 atrociffimae
693 889 905 963 periecutioius?
937 885 1004 948 Sani
1024 890 1177 948 Laetantius
1195 887 1276 945 linos

257 961 410 1023 diuinarum
428 963 630 1022 institutionum
640 964 741 1041 scripfit
751 963 856 1022 furente
873 965 1075 1042 persecutione,
1102 967 1130 1023 in
1143 965 1202 1042 ipsis
1220 961 1276 1037 ejus

260 1039 361 1104 initiis.
387 1054 421 1099 ut
431 1059 466 1099 ex
478 1042 562 1117 capite
580 1040 695 1099 secundo
707 1045 842 1120 &quarto
861 1042 921 1101 libri
940 1043 1029 1122 quinti
1047 1042 1205 1120 colligitur3
1232 1039 1275 1098 sed

233 1147 239 1153 -
259 1135 316 1174 nou
327 1117 430 1182 emilii,
450 1117 594 1192 impeditus
607 1116 729 1175 videlicet
740 1119 780 1176 rei
799 1121 826 1177 δε
847 1121 976 1197 temporis
994 1119 1157 1180 neceffitate.
1179 1130 1211 1175 ut
1222 1114 1275 1193 ipse

259 1191 380 1270 loquitur
392 1196 420 1251 in
431 1194 561 1270 principio
573 1193 634 1252 libri
645 1194 678 1251 de
690 1193 800 1272 opificio
814 1196 876 1252 Dei.
914 1199 951 1253 At
963 1215 1051 1275 quum
1064 1195 1123 1253 data
1135 1195 1198 1252 effet
1208 1209 1278 1268 pax.

259 1270 403 1347 omnisque
415 1284 504 1328 metus
516 1272 531 1328 ὲ
542 1270 694 1348 pedoribus
705 1271 921 1330 Christianorum
932 1272 950 1331 d
983 1272 1054 1330 ulius
1064 1271 1195 1330 beneficio
1201 1271 1275 1326 Con-

235 1344 365 1418 ,rennui
377 1350 419 1405 Μ.
428 1348 610 1422 Imperatoris,
630 1345 768 1428 tumverd
788 1347 951 1408 ecclesiastici
974 1351 1012 1407 cri
1031 1364 1100 1407 tores
1111 1344 1276 1425 indulgentia
1388 1389 1389 1416 2

257 1421 759 1503 benigmtlimiprincipisufi,animum
771 1369 1181 1485 converteruntadddriben'dum:
1200 1419 1275 1504 quod

259 1513 336 1558 antea
348 1520 403 1569 non
414 1513 487 1558 erant
500 1501 563 1558 ausi.
582 1504 742 1579 Itaquetum
749 1503 899 1560 Laeuinus
910 1503 1061 1561 divinarum
1073 1501 1274 1558 institutionum

258 1574 361 1642 libros,
388 1577 531 1655 inquibus
549 1577 607 1635 loca
638 1578 741 1645 uaedam
754 1575 862 1654 sparsim
881 1580 1048 1656 reperiuntur
1079 1595 1119 1633 uae
1132 1571 1273 1633 manifesto

258 1653 360 1711 constat
377 1652 471 1730 scripta
483 1653 534 1710 effe
551 1653 610 1728 post
660 1653 730 1712 llum
748 1653 869 1712 sedatum
884 1668 964 1732 atque
983 1656 1056 1712 extin
1086 1671 1155 1716 um,
1181 1670 1274 1708 recen-

258 1727 325 1816 suit,
335 1730 415 1863 'llm
435 1749 469 1786 ue
479 1730 593 1794 addidit,
613 1729 749 1805 inprimis
762 1729 826 1788 verti
838 1751 868 1790 ea
881 1751 941 1810 quae
954 1732 986 1788 iii·
994 1730 1076 1787 initiis
1093 1728 1225 1815 librorum
1245 1730 1275 1786 δι

259 1823 417 1940 iiiiii,
427 1803 1275 1969 ,tmffiuffllllltlitlssffltllltlt

938 815 1025 870 oriam
1043 813 1190 870 istiuiinodi
1213 809 1274 867 scri·

241 1956 355 2035 ,sephus
365 1959 456 2025 Isaeus,
476 1960 524 2037 qui
535 1961 697 2035 postremam
709 1959 840 2015 ladinitii
854 1960 1161 2028 editionemRomannm
1175 1957 1275 2018 emisit.
1388 2025 1389 2028 Ἴ

259 2036 380 2095 universa
392 2035 516 2094 deleverit
527 2055 587 2114 quae
598 2035 627 2091 in
637 2033 694 2091 aliis
704 2033 865 2094 editionibus
876 2035 1123 2094 adConstantinum
1129 2034 1224 2111 scripta
1236 2033 1274 2091 le·
1388 2075 1389 2082 κ

177 2132 180 2140 ’
258 2126 368 2189 guntur.
409 2115 443 2170 lit
454 2126 545 2170 tamen
556 2125 623 2190 puto
635 2130 691 2168 non
702 2111 775 2188 polle
786 2107 849 2171 verti
862 2111 978 2170 dubitari
989 2115 1092 2191 quinea
1102 2111 1272 2171 sintLaetan-
1388 2107 1389 2116 ’

258 2189 306 2256 tii,
326 2188 390 2248 ciim
402 2193 430 2248 ἃ
442 2189 560 2267 ejusdem
573 2189 624 2246 fint
637 2188 697 2265 styli
708 2207 773 2246 cuni
785 2189 876 2247 ceteris
883 2186 1001 2264 ejusdem
1007 2189 1145 2266 operibus,
1164 2185 1275 2274 &phia-
1388 2205 1389 2210 ¹

258 2262 298 2322 ses
309 2269 432 2343 quaedam
443 2287 503 2345 quae
515 2267 571 2325 illic
582 2266 713 2323 habentur
726 2305 735 2329 ,
754 2265 855 2323 eaedem
878 2264 930 2323 fint
942 2268 970 2324 in
983 2267 1060 2326 variis
1071 2266 1136 2324 locis
1148 2264 1219 2321 istius
1230 2261 1273 2320 hi-

259 2339 346 2399 storiae
357 2347 386 2400 lit
399 2345 562 2421 reliquarum
575 2342 704 2401 Ladiantii
717 2331 953 2399 lucubrationum*
974 2343 1025 2400 Sed
1037 2343 1108 2400 haud
1120 2337 1202 2399 dubie
1214 2341 1275 2396 duae
1388 2373 1389 2392 t

259 2418 405 2494 antiquitus
424 2418 499 2476 fuere
511 2421 662 2477 divinarum
675 2418 874 2476 institutionum
888 2417 1036 2482 editiones,
1056 2437 1111 2474 una
1128 2418 1213 2476 ferme
1225 2413 1276 2471 sta·
1388 2457 1389 2470 ,

260 2493 314 2548 tim
326 2493 383 2568 post
396 2493 485 2550 datam
499 2496 619 2552 Ecclesia
630 2513 724 2568 pacem
735 2494 841 2560 emiss'a,
861 2513 948 2574 quum
961 2492 1204 2552 adhucLidhntius
1210 2490 1275 2548 eilet

258 2570 288 2626 in
301 2567 440 2643 Bithynia,
459 2568 539 2624 altera
550 2569 608 2642 post
620 2569 721 2626 bellum
728 2570 866 2631 Cibalense
879 2567 1075 2636 &Mardiense,
1094 2588 1181 2648 quum
1190 2566 1275 2626 venis-

258 2646 337 2705 setin
350 2641 447 2700 Gallias
458 2657 566 2719 propter
578 2641 703 2773 Crispum
717 2649 885 2706 Constantini
897 2647 999 2706 lilium.¹
1033 2645 1093 2728 Qi
1104 2666 1168 2728 ergo
1185 2646 1276 2722 priore

256 2721 378 2780 editione
390 2719 430 2776 usi
443 2719 517 2782 sunt,
537 2735 566 2774 ea
579 2736 629 2794 pro
643 2713 704 2774 ceto
716 2737 773 2787 uon
785 2723 934 2781 habuerunt
946 2745 1005 2803 quae
1050 2727 1101 2782 stea
1107 2723 1140 2781 de
1145 2721 1275 2781 Constan-

259 2798 320 2855 tino
332 2798 419 2854 addita
429 2795 504 2860 sunt,
523 2808 603 2874 atque
615 2795 681 2852 adeo
694 2793 798 2850 mirum
810 2817 865 2854 non
877 2800 957 2858 eum
968 2803 1001 2859 de
1023 2803 1107 2861 derari
1126 2802 1155 2859 in
1166 2797 1275 2879 quibus·

258 2875 322 2934 dam
334 2872 535 2952 exemplaribua
556 2872 606 2930 Sed
614 2883 649 2933 ‚ut
661 2870 800 2929 redeamus
812 2873 954 2933 adlibrum
967 2877 1000 2936 de
1012 2879 1144 2936 mortibus
1155 2875 1275 2953 persecu·
1388 2899 1389 2908 ¹

259 2965 369 3018 torum,
390 2947 404 3008 i
416 2969 472 3040 quo
483 2968 533 3008 nos
543 2949 654 3007 abduxit
666 2948 769 3006 occasio
781 2949 919 3011 differendi
930 2953 964 3012 de
976 2967 1099 3030 tempore
1116 2971 1172 3030 quo
1183 2951 1274 3028 scripti

259 3027 322 3088 sunt
332 3028 391 3087 libri
405 3029 558 3086 divinarum
570 3025 786 3093 institutionum,
806 3041 911 3086 certum
923 3031 960 3088 est
971 3049 1035 3088 eum
1048 3030 1080 3086 ab
1091 3029 1199 3084 audiere
1209 3025 1274 3083 scri·
1388 3069 1389 3080 ,

257 3119 338 3181 ptum
352 3106 520 3163 Nicomediae
532 3106 560 3161 in
572 3103 712 3180 Bithynia,
732 3105 778 3161 ubi
791 3105 813 3162 is
825 3105 952 3163 habitavit
963 3122 1008 3178 per
1021 3115 1113 3160 totum
1125 3101 1190 3160 illud
1198 3112 1270 3160 tem-
1388 3105 1389 3112 ’

258 3200 308 3258 pus
313 3203 376 3315 eun
387 3180 534 3259 persecutio
545 3182 575 3237 in
588 3181 700 3238 Oriente
710 3181 819 3258 graffiita
831 3182 867 3238 est
879 3221 888 3245 ,
904 3183 941 3265 ¹&
953 3177 1104 3263 absolutum
1125 3177 1202 3236 fuill'e
1212 3179 1274 3254 post

259 3277 311 3317 con
324 3260 416 3316 edium
428 3257 531 3315 bellum
543 3258 612 3334 apud
618 3257 753 3332 Campum
761 3261 889 3312 Serenum
902 3271 929 3310 in
936 3253 1063 3319 Thracia,
1085 3255 1273 3333 postquodin.

258 3345 334 3414 tegra
345 3335 398 3392 fuit
412 3335 532 3393 Ecclesia
543 3352 612 3422 pax,
631 3334 776 3421 profligato
787 3349 817 3388 ac
828 3325 907 3408 paulo
912 3327 970 3463 foll
976 3329 1098 3387 extincto
1104 3333 1270 3399 Maximino,

258 3411 375 3470 homine
387 3412 479 3469 nostia
489 3409 625 3487 religionis
636 3408 827 3466 inimiciffimo.
867 3407 910 3463 Co
923 3406 1014 3484 ligitur
1026 3405 1093 3466 illud
1107 3427 1141 3464 ex
1171 3409 1273 3468 iuribus

259 3489 378 3562 ejusdem
391 3488 506 3545 historiae
518 3487 598 3553 locis,
617 3485 659 3544 sed
671 3479 801 3562 praecipue
814 3501 849 3542 ex
860 3482 981 3564 epilogo,
1002 3483 1030 3542 iii
1043 3502 1100 3562 quo
1105 3504 1139 3542 au
1187 3504 1272 3543 iver-

258 3564 298 3623 bis
310 3563 475 3641 apertiiiimis
488 3564 577 3620 innuit
588 3562 645 3621 haec
651 3561 744 3638 scripta
756 3559 771 3617 ai
783 3559 864 3618 seess'e
871 3559 929 3636 post
935 3562 1023 3619 datam
1029 3579 1122 3649 pacem
1128 3562 1198 3640 plebi
1204 3561 1271 3630 Dei,

259 3659 377 3719 quaeper
388 3641 576 3702 annoedecem
586 3641 684 3715 partini
695 3636 805 3704 vastata,
824 3637 921 3714 turtim
940 3638 1155 3716 dilperiafuerat.
1193 3637 1274 3698 Adde

257 3713 333 3794 quod
345 3717 445 3775 librum
462 3715 543 3774 suuni
559 3716 721 3794 nuncuparit
733 3715 826 3773 illustri
845 3715 988 3794 regionum
1008 3715 1113 3776 illarum
1126 3712 1274 3774 miseriori

257 3797 392 3860 Donato,
418 3811 500 3872 quem
519 3793 601 3849 ctiam
614 3793 758 3869 compellat
776 3793 805 3849 in
823 3795 915 3851 medio
927 3793 1012 3870 operis
1024 3797 1051 3852 dt
1064 3794 1091 3852 in
1105 3793 1165 3852 fine.
1202 3795 1271 3850 iiaec

257 3871 332 3935 enim
344 3871 460 3932 iiidienit
472 3888 517 3930 eos
529 3882 591 3928 tum
602 3869 683 3930 finiul
695 3869 772 3929 fuine
783 3881 829 3931 aut
840 3867 911 3956 cene
923 3868 1268 4004 nonmagnolocorumaifii-

1156 3957 1212 4003 teri
1247 3963 1269 4004 0
