2942 4634
370 345 431 415 An
455 343 539 414 Ρετζ
564 339 656 415 Vnt.
683 344 852 413 Dtnzrun
877 342 1076 415 Errsrom.
1198 368 1260 442 117

242 479 302 526 ante
313 468 465 528 absolutum
479 470 534 529 sive
546 471 605 545 post
617 468 771 527 absolutum
784 471 872 532 diem.
891 470 988 527 eodem
1001 471 1087 528 modo
1101 468 1257 531 anniculum

241 546 292 602 esse
302 546 460 604 censendum
468 567 532 605 eum
545 550 593 623 qui
607 562 732 605 extremo
745 547 807 605 anni
822 548 865 603 die
877 545 1044 623 eitinguitur
1051 584 1060 611 ,
1075 546 1129 602 five
1142 546 1197 603 dies
1210 548 1257 606 ille

241 620 274 677 fit
287 622 441 688 absolutus,
467 624 521 681 sive
537 642 595 680 non
617 624 650 680 sit
670 622 811 681 absolonis,
852 621 935 680 Porro
954 624 1020 680 dum
1041 624 1091 679 viri
1111 623 1183 680 doen
1198 624 1256 683 haec

238 699 333 764 verba,
347 694 830 762 medemdecimumnatmdarm
850 698 886 756 sic
892 700 1055 775 interpretati
1067 698 1128 755 sunt
1135 700 1193 757 uts1
1232 703 1255 758 i-

192 780 205 795 ’
240 771 319 831 ficare
330 778 456 835 docerent
473 796 532 832 rem
552 778 639 833 asiam
660 788 721 833 ante
739 778 812 834 diem
823 776 970 833 decimum
984 774 1136 832 absolutum
1150 780 1177 833 dt
1212 778 1252 835 ni-

239 859 318 915 tum,
333 853 410 910 nobis
420 854 618 910 documentum
631 852 760 909 dederunt
774 866 805 909 ut
814 852 865 908 ista
879 892 888 917 ,
908 851 962 927 Post
975 855 1045 909 diem
1058 855 1184 911 decimum
1197 864 1254 911 Ka·

238 924 388 987 lendarum.
401 931 606 1005 interpretemur
618 928 651 984 de
663 927 720 1003 ipso
733 929 776 985 die
782 927 890 987 decimo
898 928 1093 989 Kalendarum,
1106 926 1149 985 sed
1162 942 1254 992 tamen
1325 934 1328 941 '

238 1005 370 1063 exusto&
378 1002 463 1062 finito.
504 1007 645 1083 Qoniam
656 1018 748 1060 autem
761 1005 790 1061 hi
802 1006 859 1062 duo
872 1004 998 1083 loquendi
1011 1006 1087 1063 modi
1100 1004 1253 1080 promiscui

239 1080 267 1135 δι
281 1079 460 1138 indifferenter
474 1086 489 1138 ai
501 1082 604 1157 populo
617 1080 827 1156 usurpabantur,
847 1083 1039 1140 consuetudine
1052 1082 1154 1138 sudium
1171 1080 1208 1137 est
1221 1096 1253 1140 ut

238 1165 354 1234 utroque
365 1142 567 1219 ssrmoneidem
580 1158 635 1214 dies
648 1158 685 1213 ita
697 1157 889 1292 intelp'ffemmr
903 1170 933 1214 ut
946 1159 1150 1289 quictpuidintra
1156 1158 1255 1235 viginti
1302 1167 1308 1177 ‘

237 1245 353 1306 quatuor
366 1234 441 1289 horas
452 1234 505 1290 diei
518 1237 546 1290 δι
558 1234 747 1291 nemeaeum
796 1234 835 1294 'et‚
848 1237 956 1309 perinde
968 1237 1022 1291 exii
1036 1236 1165 1291 imeretur
1178 1236 1252 1313 quusi

237 1310 332 1382 quavis
345 1307 411 1365 hora
422 1310 488 1366 lucis
499 1310 591 1365 adttim
604 1308 680 1374 esset,
693 1323 726 1365 ut
739 1311 901 1368 docetidem
915 1311 1061 1369 Pauluslib.
1072 1328 1105 1368 xt
1116 1330 1124 1366 1
1134 1330 1154 1367 ι.
1167 1320 1199 1369 ad
1207 1316 1252 1369 Sa-

149 1410 155 1419 ·
236 1381 343 1440 binum.
383 1391 458 1442 More
471 1394 602 1446 Romano,
617 1387 722 1463 inquit,
736 1386 910 1444 diestmeuta
916 1390 982 1444 mile
989 1392 1089 1463 incipit,
1105 1386 1251 1465 &sequen-
1262 1399 1290 1444 L.
1305 1402 1367 1447 Mon
1396 1452 1397 1457 ἵ

192 1514 195 1519 .
236 1461 273 1514 tic
285 1463 361 1517 none
374 1464 462 1520 media
470 1474 545 1537 pam
553 1460 654 1538 finitur.
693 1470 787 1541 ltaque
800 1466 920 1541 quicquid
934 1468 961 1519 in
979 1462 1019 1518 hie
1033 1468 1130 1537 viginti
1142 1480 1252 1541 quatuor
1262 1462 1328 1535 ΜΕ
1336 1463 1368 1511 fe.
1396 1460 1397 1471 ¹

236 1533 304 1592 buris
325 1540 366 1609 (id
378 1538 431 1613 est,
451 1540 553 1597 duabus
572 1541 716 1597 dimidiatis
738 1541 850 1597 oollibm
862 1537 898 1608 &v
912 1539 966 1595 luce
979 1541 1081 1611 media)
1103 1544 1187 1597 anam
1197 1538 1303 1616 ¹ejl,‘¹¹⁸‘

231 1614 336 1685 perinde
348 1612 382 1687 est
394 1613 564 1693 quassquavis
578 1614 640 1672 bora
653 1615 714 1672 lucii
728 1614 886 1691 allumeffet.
928 1613 1080 1672 Confirmat
1092 1618 1252 1675 Censorinus

235 1704 350 1762 capxxr
360 1709 399 1747 11.
412 1696 487 1766 cujus
500 1692 578 1749 verbn
591 1691 753 1748 transcribo.
799 1695 923 1754 Romani,
942 1695 1044 1769 inquit,
1065 1691 1252 1751 emeritanam

235 1769 272 1820 ad
284 1770 397 1823 mediam
409 1772 504 1826 nollem
518 1773 587 1826 diem
600 1768 644 1843 effe
658 1767 877 1843 existimaverunt.
904 1771 1001 1827 Indicio
1008 1770 1076 1846 sunt
1081 1770 1161 1846 flecta
1166 1770 1251 1845 publi-

235 1841 266 1894 ca
277 1839 313 1911 ό·
325 1846 522 1920 auspiciaetiam
528 1845 741 1919 magijsrasuum
755 1841 890 1923 querumst
899 1849 962 1922 quil
975 1862 1034 1903 ame
1047 1849 1161 1902 medium
1174 1848 1250 1903 raedis

235 1916 381 1990 ssadum,
395 1925 447 1979 diei
500 1927 507 1937 '
523 1926 645 1996 preteriit
655 1925 693 1980 nd
704 1922 812 1981 cribitur
824 1947 834 1989 ‚·
853 1920 882 1997 Ji
893 1924 957 1999 quid
969 1938 1057 1978 autem
1071 1920 1120 1995 poll
1134 1926 1250 1979 mediam
1264 1970 1270 1989 ,

233 1998 327 2049 nollem
335 1995 370 2064 ό·
383 2013 443 2055 ante
456 1942 538 2057 setim
544 1997 650 2074 saelum
703 2040 711 2063 ,
726 2018 752 2054 ee
765 2000 807 2056 die
816 1998 915 2072 gestum
928 2000 1021 2055 dicitur
1035 2002 1080 2074 qai
1098 2016 1155 2052 eam
1160 1999 1249 2073 sequi-

233 2088 280 2127 tur
291 2076 393 2126 nollem.
432 2081 506 2139 Idem
514 2072 715 2151 fignificatquld
725 2078 772 2149 qui
787 2074 807 2130 ὶ
823 2077 908 2130 media
921 2074 987 2129 noete
1001 2076 1189 2146 adproximant
1197 2072 1272 2128 me·'

233 2149 308 2203 diam
321 2150 414 2202 nollem
428 2154 455 2204 in
468 2150 507 2205 bis
520 2155 587 2206 horis
597 2166 708 2226 quatuor
720 2150 757 2217 ὁ»
769 2151 866 2221 viginti
879 2150 1036 2227 nascuntur,
1057 2149 1164 2204 eundem
1179 2150 1249 2205 diem
1276 2174 1284 2189 ·

234 2220 329 2280 halem
335 2224 457 2279 natalem.
538 2292 540 2295 7
621 2240 627 2250 ·

272 2300 345 2354 Hinc
356 2298 447 2377 colligi
464 2300 537 2375 posse
549 2298 620 2357 mihi
639 2299 744 2356 ridetur
756 2300 896 2357 Romanor
908 2338 917 2361 .
943 2303 1067 2378 quamvis
1084 2300 1157 2358 diem
1176 2302 1248 2362 ordi·

232 2387 325 2431 rentur
332 2372 351 2431 'i
364 2378 453 2435 media
465 2378 545 2435 nodie
559 2417 567 2442 ,
587 2370 615 2433 in
632 2376 677 2433 vul
727 2376 736 2432 i
749 2382 842 2432 tamen
855 2374 978 2434 sermone
991 2380 1063 2437 diem
1078 2379 1169 2436 dixisse
1182 2380 1247 2439 illud

229 2448 344 2527 spatium
357 2456 431 2530 quod
445 2454 482 2511 est
495 2455 664 2511 interortum
687 2453 738 2512 olis
752 2452 781 2511 Ι
792 2452 930 2519 occasum,
951 2454 1041 2516 idest,
1054 2456 1127 2512 diem
1142 2468 1246 2515 natura-

77 2543 79 2550 ’
130 2560 135 2566 ·
231 2526 302 2594 lem,
323 2534 350 2588 dt
366 2534 439 2608 quod
452 2532 577 2607 agebatur
595 2531 707 2588 summo
719 2548 799 2587 mane
811 2530 865 2587 slve
877 2544 937 2587 ante
949 2529 1058 2594 lucem,
1079 2544 1109 2589 ut
1128 2546 1190 2594 ante.
1202 2554 1247 2590 me

230 2606 378 2663 observavit
394 2608 518 2682 Iosephus
531 2606 665 2681 saliga,
686 2606 816 2665 vocavisse
829 2608 908 2665 initio
922 2620 982 2665 ante
996 2608 1147 2671 Kalendas,
1170 2612 1245 2685 quod
1254 2606 1335 2669 8⁰²5&-
1345 2606 1388 2658 lib.

229 2682 289 2758 post
300 2682 428 2739 recessum
441 2684 526 2743 sotis,
547 2671 606 2765 posi
613 2683 758 2749 Kalendas,
777 2682 821 2742 sed
833 2683 927 2743 deinde
939 2686 1068 2760 paulatim
1081 2698 1196 2763 utroque
1204 2687 1244 2742 lo·
1254 2684 1278 2716 ²³
1287 2670 1354 2778 dedu-

230 2758 330 2836 quendi
343 2759 428 2847 modp
439 2758 512 2816 idem
524 2772 631 2848 tempus
644 2760 839 2838 fignificatum‚
859 2762 922 2850 quia
936 2777 997 2818 tum
1011 2762 1140 2837 populus,
1160 2780 1244 2839 quem
1251 2748 1397 2857 ffi'pags

228 2834 1021 2991 tillimti„ia¹l3q⁸tlll¹⁰nittlt¹ssilalt
1032 2838 1192 2993 iiiiii
1202 2841 1244 2970 si
1253 2857 1374 2979 {stell

228 2990 374 3065 cipientem
387 2992 416 3047 δι
428 2990 563 3046 exustum.
601 2991 693 3064 Itaque
705 2992 802 3047 Cicero
815 2990 848 3046 ad
866 2993 999 3047 Tironem
1014 2987 1150 3052 scribens,
1169 2990 1245 3063 cujus

227 3079 259 3124 tu
272 3067 363 3126 locum
379 3105 389 3131 ,
407 3067 449 3123 vir
460 3064 655 3125 eniditiffime,
674 3064 785 3121 attulisti
804 3066 835 3122 ad
855 3064 1067 3122 confirmandam
1087 3065 1244 3139 opinionem

229 3155 305 3201 tuam
319 3183 327 3204 ,
347 3144 384 3199 ait
397 3142 425 3200 se
438 3144 527 3199 Nonis
540 3140 705 3198 Novembris
716 3140 795 3197 suisse
809 3142 878 3216 ipud
892 3140 1033 3215 Alyziam,
1052 3140 1169 3218 indeque
1182 3158 1258 3201 ante

201 3280 205 3285 ,
229 3218 318 3276 lucem
324 3218 554 3296 proficiscentem,
573 3217 713 3274 antediem
721 3219 848 3275 oetaeum
857 3220 917 3275 Idus
924 3216 1089 3275 Novembris
1100 3216 1147 3274 has
1158 3218 1244 3279 literas
1253 3234 1333 3283 cicero
1341 3235 1380 3283 nb.
1395 3254 1397 3275 .

229 3294 333 3353 dedisse.
351 3294 426 3374 qnod
439 3294 488 3353 etsi
502 3286 536 3353 d⁸e
549 3295 642 3372 quavis
661 3293 727 3351 hora
745 3294 798 3353 diei
817 3294 875 3369 capi
887 3294 989 3369 possit)
1008 3292 1152 3369 proclivius
1163 3296 1199 3351 est
1212 3312 1244 3355 ut
1256 3300 1293 3373 ¹⁶:
1309 3298 1340 3407 ap
1349 3298 1385 3371 ᾗ·

231 3372 433 3447 interpretemur
451 3375 486 3435 de
505 3373 549 3430 die
567 3372 730 3446 incipiente,
750 3370 816 3429 etim
836 3372 933 3429 Cicero
945 3368 1076 3429 scribatse
1090 3370 1176 3429 literas
1189 3373 1246 3432 illas
1254 3362 1304 3408 ¹⁰¹¹·
1331 3359 1382 3423 pist,

176 3479 178 3482 ·
227 3448 324 3505 dedisse
336 3468 421 3525 quum
435 3450 532 3525 Alyzia
543 3446 771 3524 proficisceretur·
792 3448 868 3526 quod
882 3447 935 3506 fuit
948 3458 1009 3504 ante
1021 3445 1118 3505 lucem.
1139 3450 1244 3509 Eodem
1255 3435 1277 3485 3⁰

228 3525 316 3582 modo
328 3526 423 3583 Seneca
437 3525 583 3583 Claudium
598 3528 638 3581 lm
674 3538 805 3585 tutorem,
824 3542 907 3602 quem
915 3524 1034 3579 animam
1047 3542 1123 3601 agere
1136 3529 1245 3601 coepisse

228 3602 359 3677 aitquurn
373 3600 411 3659 sol
423 3602 455 3659 ad
468 3602 592 3661 oceasum
605 3543 754 3665 felistim,
767 3601 834 3658 hora
853 3604 923 3661 inter
935 3599 1037 3658 sextam
1051 3602 1078 3659 dt
1091 3600 1251 3677 septimam.-

226 3678 308 3735 tradit
321 3690 462 3751 mortuum
474 3678 526 3738 effe
538 3693 599 3736 ante
618 3681 729 3737 tertium
749 3680 810 3737 idus
824 3678 971 3741 Odiobrie,
997 3696 1088 3754 quem
1100 3680 1244 3737 Suetonius

224 3752 455 3833 Γωὺίῐρεΐεςὶίῖε
473 3772 556 3833 prope
576 3756 690 3821 lucem,
717 3755 746 3813 id
765 3754 824 3820 est,
848 3754 898 3812 sub
919 3756 1028 3813 initium
1043 3755 1096 3812 diei
1110 3756 1243 3814 naturalis.

226 3832 312 3913 Qod
325 3830 479 3889 confirmari
493 3850 603 3910 quoque
614 3833 700 3907 potest
712 3850 747 3889 ex
761 3832 846 3889 verbis
852 3832 956 3889 Taciti:
976 3830 1023 3908 qui
1037 3828 1103 3889 curn
1117 3832 1245 3891 docuisset

217 3910 336 3967 'celtum
349 3908 503 3989 aliquandiu
514 3908 591 3966 fuisse
598 3922 718 3967 mortem
724 3908 796 3987 ejus,
815 3909 888 3971 addit
900 3909 1043 3967 Neronem
1056 3904 1188 3987 egressum
1194 3908 1246 3964 effe

223 3984 406 4048 admirortem
412 3984 504 4045 medio
511 3985 563 4044 diei
569 3984 698 4061 ejusdem.
897 3994 927 4045 Η
932 3984 951 4043 b
971 4001 985 4061 3
1194 3986 1247 4043 Ita·
1365 4006 1375 4013 “
