2942 4634
221 300 284 393 1r6
381 314 738 403 Surorunur
790 290 1104 377 Bneuzrr

260 424 460 483 Affirmativarn
473 421 589 488 iubent,
610 430 644 477 ut
656 418 731 485 dixi,
745 420 809 477 octo
821 432 910 479 vetera
922 422 1083 499 exemplaria
1095 420 1242 481 bibliothe-
1303 452 1308 463 ·

179 528 182 533 ’
222 495 1111 655 n‘btblll‘lltnbbztslttlbtbfnbtss
1126 498 1244 633 stlte

223 651 290 711 verb
304 653 454 713 Colbertini
470 651 556 709 notati
568 666 630 724 524.
646 667 709 722 529.
726 652 805 707 2608.
818 650 937 709 habent:
957 656 1044 729 AEqni
1057 669 1161 727 roeroqm
1174 656 1244 710 enim

216 728 335 805 sermone
347 730 495 787 undecimae
508 731 561 787 dies
571 722 739 803 figmficatur.
760 727 855 785 Codex
870 744 931 803 743.
971 731 1058 807 AEqul
1073 745 1176 805 neroque
1182 730 1241 806 ser-

225 824 297 864 mone
311 808 458 865 undecimus
471 807 525 864 dies
533 799 601 880 fignr'
618 816 701 859 corne.
741 803 855 863 Codices
864 824 922 880 397.
934 809 1030 877 &461.
1052 802 1162 883 Ueroque
1175 808 1243 863 enim

222 882 334 959 Immone
346 882 496 941 moeremus
513 882 568 938 dies
596 876 749 954 ognoficatnr.
789 881 884 939 Codex
903 882 1018 961 denique
1032 883 1093 957 583.
1135 888 1244 959 Utroque

220 961 336 1038 sermme
349 976 394 1016 x1.
408 961 462 1017 dies
476 953 645 1033 figmficarur.
685 952 790 1013 Contri
808 958 836 1015 in
856 958 948 1015 codice
966 959 1043 1036 regio
1057 966 1152 1016 notato
1164 964 1245 1031 4672.

227 1036 278 1093 scri
328 1034 416 1093 mest:
436 1042 536 1092 Neutro
549 1036 616 1091 ene‘m
623 1031 742 1110 sermone
753 1034 887 1091 undecima
905 1037 958 1094 dies
965 1032 1135 1111 stgnr'fienenr.
1174 1036 1247 1092 lneo

228 1131 295 1169 vero
309 1114 357 1190 qui
370 1110 423 1168 suit
431 1110 536 1169 AEmari
548 1110 697 1167 Ranconeti
712 1107 762 1165 sic:
786 1116 883 1169 Neutro
896 1116 962 1169 enim
967 1114 1083 1190 sermone
1096 1112 1245 1169 undecimus

227 1190 282 1249 dies
290 1185 459 1267 figmficarue.
496 1186 552 1243 Ubi
565 1186 632 1244 illud
644 1185 848 1243 admonendum
862 1188 915 1248 est,
928 1186 1004 1264 supra
1017 1188 1116 1245 lineam
1128 1186 1248 1245 iliiusul-

229 1266 293 1322 timi
307 1264 406 1324 codicis
418 1263 546 1340 scriptum
564 1260 615 1320 effe
628 1260 775 1337 antiquitus
794 1263 856 1320 alibi
874 1264 899 1322 le
919 1266 924 1276 '
939 1280 998 1323 ntro
1010 1284 1060 1342 pro
1074 1278 1168 1323 nmero.
1187 1284 1249 1343 quae

230 1341 313 1399 lediio
324 1339 433 1419 propius
444 1340 545 1398 accedit
558 1339 590 1395 ad
603 1357 664 1396 eam
676 1356 759 1415 quam
778 1340 863 1397 codex
881 1344 901 1397 F
912 1342 1050 1399 orentinus
1062 1340 1171 1399 exhibet
1184 1381 1193 1407 ,
1220 1344 1250 1400 in

232 1436 290 1495 quo
302 1418 359 1477 srcl
395 1420 401 1432 '
415 1417 499 1475 etiam
512 1429 544 1473 tu
558 1414 611 1495 ipse
621 1413 720 1473 testaris
735 1435 743 1469 :
763 1422 852 1493 Neque
865 1432 922 1475 aero
936 1422 1004 1476 enim
1010 1420 1125 1497 sermone
1132 1418 1251 1478 undecim

232 1498 286 1554 dies
309 1515 318 1549 o
358 1497 362 1507 '
392 1510 479 1552 mone.
1025 1526 1027 1533 v

273 1491 488 1649 lnfvgeiiigandum
500 1589 573 1629 nunc
585 1570 624 1627 est
635 1581 730 1628 utrum
750 1568 795 1627 illa
812 1569 910 1628 codicis
929 1570 1006 1627 vestri
1024 1571 1105 1629 lectio
1118 1572 1189 1643 boc
1200 1571 1250 1637 fit,

235 1649 265 1707 de
276 1648 372 1703 utrum
384 1649 537 1724 negativam
549 1686 558 1709 ,
583 1659 616 1703 ut
634 1645 760 1705 nonnulli
772 1658 865 1723 putant
877 1685 885 1708 ,
906 1642 1014 1720 adjuvet
1026 1687 1034 1708 ,
1061 1668 1093 1705 an
1106 1642 1196 1722 potils
1208 1667 1253 1705 re.

235 1725 326 1781 vocari
339 1724 431 1786 debeat
443 1723 546 1780 adeam
560 1740 642 1801 quarn
653 1734 697 1779 tot
711 1736 800 1782 vetera
811 1720 970 1799 exemplaria
984 1722 1134 1801 praeferunt.
1160 1722 1253 1781 Prima

236 1796 297 1857 lore
309 1799 399 1857 fronte
412 1800 496 1857 codex
507 1798 552 1855 ille
565 1798 806 1863 vestem-omnium
819 1802 866 1876 qui
878 1799 959 1859 hodie
971 1814 1062 1857 extant
1076 1800 1130 1861 fine
1142 1812 1254 1859 contro-

237 1876 321 1934 versia
333 1874 535 1939 vetustiffimus,
550 1875 655 1931 videtur
667 1874 805 1932 ostendere
824 1889 922 1933 neutro
935 1875 1036 1933 horum
1050 1875 1177 1954 loquendi
1188 1896 1255 1933 mo-

239 1952 356 2017 dorum,
370 1964 401 2010 ut
416 1954 498 2009 etiam
511 1948 561 2009 scri
611 1968 641 2006 m
654 1949 691 2006 est
703 1951 731 2008 in
746 1951 820 2008 libris
832 1954 927 2029 regiis,
943 1956 969 2011 ἃ
985 1966 1016 2010 ut
1029 1954 1057 2011 in
1070 1954 1157 2010 vestro
1164 1952 1256 2031 legill'e

239 2028 266 2088 se
280 2030 317 2086 ait
330 2030 463 2086 Antonius
476 2030 520 2084 Au
581 2028 640 2085 'nuo
654 2064 662 2087 .
689 2024 829 2104 significari
842 2028 916 2085 diem
930 2029 1108 2087 undecimum
1123 2029 1255 2089 Kalenda-

238 2124 315 2167 rum,
329 2118 408 2183 atque
421 2106 458 2163 ita
471 2046 631 2161 condomare
642 2102 785 2161 censendus
798 2102 834 2161 est
848 2104 996 2163 lectionem
1009 2124 1092 2183 quam
1106 2119 1203 2163 vocant
1209 2124 1256 2164 ne-

239 2184 368 2261 gativam.
408 2180 675 2240 Atficonfideremus
686 2181 855 2240 verissimum
863 2180 930 2237 illud
943 2183 1080 2260 essequod
1093 2182 1258 2241 virdodiisli·

240 2278 304 2320 mus
318 2260 447 2317 Nicolaus
459 2260 496 2317 Ri
531 2258 593 2315 ltius
606 2256 756 2315 observavit
768 2258 800 2315 ad
813 2254 1029 2329 Tertullianum„
1042 2273 1162 2317 veterum
1175 2257 1256 2318 libro·

242 2353 307 2391 rum
320 2334 479 2393 auctoritate
537 2334 646 2393 srffimas
659 2335 796 2393 interdum
810 2334 937 2391 lessiones
950 2335 1037 2400 asseri,
1046 2352 1075 2392 ac
1087 2350 1210 2409 praeterea
1222 2354 1258 2393 ex

245 2408 354 2466 adverso
368 2410 513 2467 {lateamus
526 2410 683 2470 consensum
697 2424 742 2468 tot
761 2422 883 2467 veterum
903 2412 1028 2467 codicum
1049 2413 1096 2487 qui
1114 2411 1260 2470 lctiionem

244 2485 432 2543 affirmativam
447 2487 613 2561 pmferunt,
640 2488 760 2551 dubitare
775 2489 837 2562 ¹jure
857 2486 1009 2563 meritdque
1029 2486 1119 2543 licebit
1140 2505 1172 2543 an
1193 2486 1260 2547 huic

158 2600 164 2614 e
243 2561 332 2618 vestro
345 2562 490 2635 exemplari
503 2562 675 2619 insistendum
690 2564 739 2630 srt,
758 2584 791 2621 an
810 2559 873 2622 verd
887 2562 1069 2639 ampleslenda
1081 2562 1260 2641 lesbio-quam

244 2637 341 2713 reliqui
356 2636 459 2692 codices
471 2637 600 2692 exhibent
613 2676 621 2699 ‚
640 2657 723 2714 quam
740 2641 829 2718 negari
841 2656 897 2697 non
947 2640 995 2697 test
1015 2636 1148 2717 sumptam
1162 2640 1213 2699 elle
1225 2660 1262 2699 ex

246 2711 444 2844 annouioreiffi
461 2712 683 2845 exemplaribus.s
705 2715 804 2801 ¹Neque
823 2716 893 2773 forta
915 2736 936 2773 rs
955 2718 1112 2817 aberraverit
1124 2717 1171 2797 qui
1186 2731 1264 2808 puta-

221 2840 227 2852 ’
246 2790 289 2924 l?
309 2804 401 2923 icio
415 2806 646 2923 ribotelli
660 2805 795 2923 stell
804 2793 1115 2947 abstitisse
1126 2795 1265 2947 elisit

248 2964 282 3003 co
302 2947 353 3001 ices
370 2946 568 3017 1363.&1600.
586 2941 757 3001 bibliothecae
770 2946 966 3005 Colbertinae&
979 2949 1158 3025 antiquissimo
1171 2967 1265 3005 exem-

247 3021 330 3096 plaria
342 3022 437 3077 veteris
450 3019 578 3076 versionis
591 3018 692 3077 Latinae
703 3020 822 3096 ejusdem
843 3024 944 3099 Synodi
964 3022 1062 3081 habent
1080 3031 1135 3079 Nee
1152 3026 1205 3099 ipfia
1218 3024 1268 3081 lie-

248 3113 307 3154 tera
319 3117 370 3175 pro
382 3116 416 3153 eo
428 3097 502 3174 quod
515 3098 544 3154 in
556 3094 718 3157 editionibus
730 3118 844 3175 operum
857 3098 1070 3172 ejusdemSandli
1078 3098 1213 3155 Ambrosii
1227 3101 1265 3157 le-

250 3177 326 3253 gitur
344 3183 405 3229 Hec
417 3176 471 3248 ipsa
483 3172 560 3230 litero
579 3212 587 3237 ,
606 3178 633 3231 δε
647 3174 716 3251 apud
742 3176 861 3251 Marium
873 3176 1051 3232 Mercatorem
1067 3178 1094 3231 dt
1107 3176 1135 3233 iu
1146 3175 1267 3236 editione

252 3252 387 3307 Contiana
400 3250 520 3323 ejusdem
534 3251 635 3325 Synodi
654 3260 692 3308 Ee
704 3252 757 3329 ipso
768 3252 867 3313 litera,
888 3262 919 3305 ut
940 3252 1036 3307 monui
1050 3268 1132 3327 nuper
1146 3253 1214 3313 dum
1221 3274 1264 3313 re.

252 3324 387 3386 censerem
400 3327 512 3383 eandem
525 3328 663 3404 antiquam
676 3328 833 3385 verfionem.

292 3406 417 3459 Praeterea
430 3404 529 3481 quirin
542 3405 666 3461 animum
683 3406 806 3461 inducere
823 3414 902 3480 queat
920 3402 1012 3459 virum
1029 3421 1140 3480 gravem
1152 3405 1269 3465 Paralum

254 3477 478 3559 jurisconsultum
498 3479 538 3534 uti
556 3485 697 3559 negatione
715 3477 826 3537 voluisse
849 3478 880 3536 ad
900 3497 962 3537 eam
978 3498 1037 3537 rem
1055 3480 1269 3553 confirmandam

253 3572 314 3633 quac
328 3553 449 3612 maximd
461 3556 555 3635 egebat
565 3558 721 3633 probatione
730 3555 890 3615 affirmativa
904 3558 915 3613 i
934 3558 1105 3617 Probandum
1127 3562 1201 3617 enim
1213 3576 1271 3621 erat

254 3650 320 3689 eum
335 3630 431 3689 censeri
442 3633 651 3711 anniculumqui
664 3645 786 3691 extremo
800 3633 861 3689 anni
875 3636 919 3693 die
932 3635 1062 3699 moritur,
1077 3636 1130 3694 five
1144 3637 1273 3712 incipien-
1395 3700 1396 3705 χ

181 3730 189 3746 =
256 3720 299 3771 te,
314 3708 369 3765 save
379 3710 486 3765 exacto.
525 3708 875 3787 Similitudineigiturillud
887 3712 1024 3772 ostendere
1038 3712 1272 3789 volensJuriseon-

256 3782 340 3842 sultus
353 3784 390 3840 ait
401 3802 437 3841 eo
448 3784 536 3841 modo
546 3806 603 3863 quo
615 3786 686 3844 idem
705 3787 761 3843 dies
778 3786 940 3867 significatur
953 3831 961 3856 ,
981 3790 1035 3847 save
1047 3789 1117 3849 dicas
1128 3803 1189 3847 aute
1199 3785 1273 3849 deci-

256 3878 338 3920 mum
350 3860 555 3928 Kalendarum,
581 3862 635 3920 srve
647 3863 706 3940 post
723 3866 864 3927 decimum
878 3866 1058 3927 Kalendarum
1074 3908 1083 3935 ‚
1108 3866 1198 3931 idest,
1218 3868 1275 3925 five

1213 3956 1278 4005 ante
