2942 4634
399 324 463 400 'An
486 323 611 399 Hunni
638 347 687 396 ne
714 346 826 397 nonis
850 324 1050 400 Errsrons.
1186 346 1242 415 τις

226 449 327 535 perdidi
339 456 412 515 illius
417 456 512 514 nostrae
517 452 722 514 concertationis
734 452 768 511 de
778 470 832 531 qua
842 448 922 529 pauli>
935 450 996 513 anti:
1009 446 1169 517 memorari.
1188 449 1245 507 Re·

228 547 321 591 vocata
332 535 370 593 est
381 547 473 592 autern
484 533 623 592 occasione
640 530 780 588 literarum
796 548 861 609 quas
878 529 980 589 amicus
995 530 1041 589 ille
1053 528 1141 587 noster
1154 524 1188 584 ad
1198 534 1245 583 nie

226 611 300 668 dedit
311 630 358 668 xv.
372 612 503 669 Kalendas
515 608 665 668 Februarias
675 607 755 681 hujus
767 608 828 663 anni
840 630 849 675 3
876 626 940 687 quas
957 610 1044 685 accepi
1063 598 1244 663 tardiuscule.

225 690 359 745 nimirum
371 706 460 745 xvrrr.
475 687 535 745 Kal.
548 686 653 763 Aprilis.
686 684 858 743 Mentionem
871 685 970 817 (pprippe
982 685 1009 742 in
1023 682 1074 745 illis
1086 682 1183 739 faciens
1195 698 1245 737 no-

224 782 266 823 vae
279 764 471 822 lucubrationis
486 761 540 820 ite
551 762 674 823 emissae,
693 779 778 838 quam
796 758 876 817 semi
898 779 979 817 urum
991 762 1153 837 pollicetur,
1173 756 1246 821 exd-
1345 792 1350 802 .

223 841 293 898 tavit
306 844 470 899 memoriam
483 840 707 917 cenotaphiorum
719 836 877 895 Pisanorum
896 841 924 896 bt
941 850 993 895 tuae
1004 856 1114 897 mecum
1128 832 1243 909 disputa·

224 918 315 974 tionis.
354 921 462 978 Accedo
475 920 512 974 ita
531 937 566 974 ue
577 918 687 975 tandem
702 914 801 976 bonae.
819 926 851 971 ut
863 933 940 979 reor,
959 914 1041 974 causae
1053 910 1244 993 qualiscunque

224 1007 365 1073 mundus,
386 1015 446 1053 eam
459 937 531 1073 apud
542 1008 569 1050 te
583 992 753 1055 amonem
771 990 962 1055 eruditissime,
981 1004 1024 1059 te,
1039 993 1160 1071 inquam,
1171 988 1243 1063 judi-

225 1086 286 1127 oem
297 1072 450 1137 habiturus,
470 1090 555 1149 quem
567 1068 629 1127 anti
641 1081 765 1157 expertus
777 1068 838 1126 sum
850 1068 1035 1129 adversarium.
1055 1070 1154 1147 Neque
1167 1062 1242 1123 enirn

225 1147 296 1203 milri
308 1140 486 1206 metuendum
497 1147 534 1204 est
545 1147 595 1204 sub
606 1146 653 1203 tali
671 1145 760 1221 judice
773 1170 782 1214 5
807 1146 856 1223 qui
866 1142 1043 1225 praeterquam
1055 1142 1130 1225 qudd
1142 1142 1243 1199 amicus

216 1240 302 1281 ·meus
313 1226 364 1287 est,
382 1225 465 1298 justus
477 1228 509 1294 be,
517 1224 583 1281 resti
594 1234 688 1286 unm,
709 1234 762 1277 tres
772 1221 893 1298 personas
905 1264 913 1288 ‚
923 1237 952 1281 ut
959 1224 1095 1283 Cicerode
1106 1218 1132 1279 se
1146 1216 1241 1281 aiebat.

225 1318 295 1357 unus
308 1299 444 1359 sustinebit
454 1300 561 1364 summa
572 1300 657 1357 animi
669 1296 793 1375 aequitate
804 1338 813 1365 ,
838 1298 933 1366 suam,
953 1296 1091 1359 adversarii
1103 1338 1111 1359 .
1136 1294 1240 1371 judicis.

263 1377 350 1457 Igitur
361 1378 419 1434 haec
430 1376 490 1434 sunt
502 1377 582 1435 verba
592 1376 666 1433 Pauli
678 1374 706 1431 iu
713 1374 875 1433 editionibus
885 1396 932 1453 per
937 1376 1117 1467 typographos
1128 1373 1243 1451 vulgatis
1252 1388 1280 1434 L.
1289 1387 1366 1435 Anni-

224 1469 286 1529 quae
297 1453 420 1512 manibus
432 1474 503 1511 nunc
520 1452 689 1511 eruditorum
707 1466 839 1509 teruntur.
878 1454 1026 1511 Armenius
1046 1454 1179 1511 amittitur
1197 1452 1321 1527 quiculus.

223 1535 406 1589 extremoaami
417 1533 460 1589 die
471 1539 586 1591 mim.
625 1539 662 1588 Et
675 1531 823 1608 consuetudo
832 1517 952 1605 'loquendi
964 1526 997 1587 e'd
1006 1536 1046 1589 ira
1059 1528 1102 1605 effi
1115 1527 1238 1587 declarat.
1248 1518 1380 1629 5222·OE-

224 1590 381 1668 Amfliem
393 1612 522 1667 decimum
534 1596 711 1669 kalendariam
726 1646 736 1672 ‚
762 1606 818 1683 Post
829 1611 898 1667 diem
910 1611 1039 1667 decimum
1052 1605 1238 1667 salomam.
1246 1641 1339 1709 ΨΕΩ,

127 1700 131 1707 ’
224 1691 313 1761 Neque
324 1704 382 1746 atro
395 1688 462 1744 enim
470 1688 586 1763 sermone
598 1687 717 1743 undecim
729 1686 784 1743 dies
789 1682 976 1762 significantur.

262 1765 344 1821 Hunc
388 1783 407 1820 ο
419 1764 512 1820 locum
525 1763 561 1821 src
572 1764 757 1837 interpretatus
769 1760 829 1834 sum
836 1764 863 1821 in
870 1762 1085 1823 annotationibus
1099 1762 1132 1819 ad
1138 1760 1240 1819 librum

225 1837 355 1897 [nuntii
386 1860 402 1897 e
413 1839 548 1898 mortibus
559 1839 757 1915 persecutorum
770 1855 803 1897 ut
813 1840 1023 1898 existimaverim
1036 1840 1153 1898 eundem
1164 1838 1239 1897 diem

223 1912 364 1991 fignificari
375 1917 480 1975 duobus
491 1916 621 1994 loquendi
632 1917 720 1973 modis
730 1916 849 1974 addusiis
861 1916 876 1974 i
887 1917 1089 1996 jurisconsulto.
1115 1919 1161 1972 Tu
1173 1932 1240 1972 mn—

218 1993 263 2047 tri
277 2030 285 2051 ‚
313 1995 353 2049 vir
371 1994 533 2060 clariffime,
557 2006 633 2070 putas
644 1995 733 2070 priore
745 1996 831 2052 modo
843 1992 957 2081 intelligi
970 1993 1066 2067 debere
1078 1992 1132 2049 dies
1143 1990 1239 2049 decem

222 2068 271 2141 qui
283 2070 411 2126 Kalendas
427 2070 600 2132 antecedunt.
614 2071 760 2147 polberiore
772 2071 866 2127 decem
892 2069 1123 2146 uilubsequuntur
1132 2066 1239 2125 easdem

224 2141 374 2207 Kalendas,
395 2146 493 2209 idest,
512 2147 651 2201 decimum
663 2147 738 2202 diem
751 2142 849 2209 mensis
876 2148 1005 2222 equentis.
1045 2140 1238 2220 Qamvisau·

222 2228 280 2273 tem
292 2217 424 2282 Rebuffus
438 2219 570 2293 scripserit
586 2221 655 2275 hanc
684 2219 842 2274 uaestionem
873 2218 913 2275 lus
924 2220 1075 2278 subtilitatis
1086 2212 1171 2295 quim
1182 2218 1237 2281 uti·

220 2293 303 2351 litatis
314 2294 425 2371 babere,
444 2295 649 2373 putaverintque
662 2238 774 2351 bludaeus
786 2296 815 2352 u
827 2238 944 2353 Aliiatus
957 2294 1071 2364 Paulum
1084 2293 1175 2371 ludere
1185 2313 1235 2371 po-
1274 2300 1279 2307 '

220 2370 316 2430 tius&
328 2374 428 2430 morari
440 2373 571 2432 lectorem
584 2370 639 2429 hoc
648 2370 749 2458 gripho
762 2368 872 2429 voluisse
883 2366 968 2449 quim
979 2372 1094 2434 docere.
1117 2370 1236 2507 adeopano

221 2448 318 2508 inutile
328 2450 413 2507 videri
423 2451 504 2527 possrt
517 2449 587 2507 ultri
597 2448 754 2526 perscrutari
764 2464 869 2505 uerum
890 2448 1031 2509 verborum
1049 2448 1161 2506 illorum
1224 2478 1237 2497 ·

219 2524 301 2589 sum,
321 2530 406 2585 enitar
418 2540 511 2586 tamen
523 2545 574 2603 pro
587 2527 689 2584 virium
706 2542 830 2583 mearum
841 2524 957 2584 modulo
967 2526 1104 2587 ostendere
1115 2527 1181 2605 quid
1195 2526 1236 2583 di·

219 2603 407 2669 oerevoluerit
429 2602 634 2668 urismosultus,
656 2602 790 2681 simulque
800 2600 968 2663 confirmabo
978 2605 1238 2681 opinionemmetm

217 2680 252 2737 de
264 2680 351 2737 verbis
364 2684 403 2736 La
463 2680 504 2737 tii.
1177 2687 1179 2695 ’

259 2755 369 2831 Duplex
381 2757 529 2834 antiquitus
539 2753 594 2812 fuit
604 2755 688 2813 editio
705 2758 853 2817 verborum
864 2758 938 2817 Pauli
951 2759 979 2817 in
991 2756 1089 2835 quibus
1100 2769 1159 2815 tota
1170 2776 1236 2815 con·

219 2830 287 2887 fistit
304 2830 465 2898 difficultas,
485 2836 513 2891 be
545 2852 585 2891 uae
596 2850 706 2893 crucem
723 2833 842 2893 fixerunt
853 2836 916 2895 viris
932 2836 1122 2893 eruditiffimis.
1162 2834 1235 2911 Qi-
1314 2838 1317 2844 '

219 2908 284 2965 dam
296 2909 371 2965 enim
383 2910 486 2967 codices
505 2910 539 2968 ba
590 2922 622 2969 t.:
647 2911 735 2989 AEpui
752 2930 858 2989 utroque
877 2914 1066 2988 mimsermone
1083 2910 1235 2967 undecimus
1339 2980 1344 2989 ἱ

217 2985 272 3043 dies
283 2981 453 3061 ssgn'picatm.
490 2984 547 3045 'Alii
560 2982 673 3043 contri:
693 2995 793 3044 Neutro
812 2990 880 3045 mim
892 2990 1008 3065 sermone
1018 2991 1169 3045 undecimus
1181 2988 1235 3045 lies

211 3058 383 3139 fignficasur.
424 3066 499 3121 Prior
509 3061 615 3125 editio,
638 3079 722 3138 quam
741 3063 836 3121 Paulus
854 3064 887 3121 de
905 3063 1117 3139 Middelburgo,
1142 3064 1233 3129 Valla,

220 3140 350 3205 budam,
376 3140 494 3201 Alciatus
507 3180 516 3207 ,
531 3136 684 3201 Rebudus,
709 3141 737 3197 δι
756 3138 902 3217 Dionysus
918 3138 1104 3198 Gothofrcdue
1115 3139 1234 3215 amplexi

154 3215 160 3229 ¹
220 3213 295 3281 sunt,
307 3216 403 3275 nititur
415 3218 572 3277 auctoritate
589 3214 655 3271 osto
671 3229 795 3275 veterum
812 3216 1009 3294 exemplarium
1026 3234 1111 3275 manu
1123 3217 1235 3295 scripto·

220 3308 306 3356 rum,
326 3313 446 3382 quorum
466 3314 554 3385 unum
573 3291 610 3381 est
622 3290 791 3353 bibliothecae
804 3294 904 3382 regite,
931 3287 1255 3384 reliquaslolbertinaes'
1306 3314 1309 3319 ¹

220 3372 532 3508 &missili
550 3368 1235 3529 ‘lis-2{imissilssll‘lssliultlls

219 3538 286 3585 nus,
301 3525 440 3583 Marcellus
453 3524 639 3587 Frmcobous,
654 3526 683 3582 &
693 3526 840 3603 Dionysius
846 3528 967 3585 Petavius
978 3525 1052 3604 sequi
1066 3528 1235 3591 maluerunt.

218 3597 239 3655 s
334 3612 403 3658 tores
416 3602 495 3662 babet
508 3602 575 3661 duos
588 3615 690 3658 veteres
708 3602 792 3661 libros
811 3602 980 3661 bibliothecae
992 3606 1071 3681 regiae
1084 3646 1094 3671 ,
1112 3622 1235 3684 quorum

219 3694 290 3733 unus
326 3677 356 3751 [t
367 3678 436 3737 olim
452 3680 557 3737 AEmari
571 3679 720 3737 Rancooeti
734 3681 784 3737 viri
795 3680 957 3750 doetiffimi3
983 3700 1070 3761 neque
1080 3704 1140 3743 eam
1154 3680 1236 3743 aliubi

216 3754 312 3829 reperi.
352 3756 395 3812 An
406 3755 487 3837 illam
495 3755 603 3831 adjuvet
613 3755 755 3817 ausioritas
767 3759 957 3819 Pandesiarum
971 3760 1235 3819 Florentinommvi·

216 3830 345 3888 debimus
358 3833 455 3907 postea.
492 3834 605 3891 Interim
625 3836 805 3909 expendamus
823 3847 965 3913 utramque
983 3838 1150 3905 editionem.
1164 3838 1235 3898 affir-

217 3908 350 3967 mativam
364 3909 522 3971 videlieet&
534 3911 703 3989 negativam,
722 3926 755 3969 ut
767 3928 810 4047 {as
824 3914 935 3991 quidam
949 3932 1083 3975 vocavere.
1157 3992 1181 4053 Α

725 3998 755 4047 H
805 4008 823 4047 a
1184 3993 1238 4051 ffir-
