2942 4634
324 295 614 367 Nona-ru
661 293 1085 374 Laeuinorum.
1163 325 1223 400 213
1351 363 1354 372 .

193 433 285 505 σςόὖι
300 434 436 517 mim:
454 432 527 514 Jam
539 435 620 490 etiam
630 435 814 498 santarem,
835 449 895 508 quot
909 433 1041 510 Ptmifiees
1057 453 1163 506 vocant,
1174 443 1226 500 ad.

191 519 306 595 (nam
314 517 506 595 ⁴institutionem
518 522 626 581 Natam
645 515 770 598 ajumqae
783 514 866 590 ipsam
879 518 946 573 inter
958 515 1151 590 ersl’omt‘ficem
1156 525 1225 577 Ma·

111 651 114 658 ,
193 592 382 672 xlmmnfaeffr
396 615 403 652 ι
424 598 549 670 Torquet
561 592 611 649 hic
622 610 670 650 me
680 591 770 654 loeus.
793 591 857 670 quia
870 592 921 650 viri
934 593 1032 652 eruditi
1044 594 1152 656 censent
1164 596 1228 656 Plu·

194 673 319 730 tarchum
335 689 440 730 nattam
446 668 572 728 Numam
580 671 607 726 R
695 667 858 728 Pontificem
865 669 1024 728 Maximum
1029 669 1118 741 fuiffe3
1126 670 1229 732 firmat.

196 768 250 827 que
271 769 370 808 eorum
389 749 549 826 opinionem
567 747 612 806 zo
667 766 696 804 us
707 764 735 819 4.
752 751 794 826 36.
829 747 880 815 Sed
895 747 988 806 mirari
1001 746 1074 805 soleo
1088 748 1156 808 illud
1167 769 1228 810 me-

189 829 286 885 moriae
303 846 361 886 non
374 824 506 885 mmdass‘e
513 824 678 902 Dionyfium
690 821 959 889 Halicarnassensem.
969 825 1096 892 Livium,
1106 825 1226 888 aliumve

190 905 332 962 anem
347 903 491 963 Plutarcho
503 905 532 961 δι
545 902 662 960 Zotimo
674 903 851 962 vetustiorem
869 921 875 958 :
897 904 926 962 &
936 900 1082 978 suspicabar
1094 922 1221 963 nonnun-

189 997 274 1058 quam
287 983 357 1058 apud
368 1001 435 1040 eum
450 978 529 1038 scribi
545 979 679 1039 debereel
699 979 807 1050 «eil»,
827 977 928 1046 idest,
955 981 1039 1056 ipsam
1051 983 1124 1039 inito
1141 1001 1226 1042 anam

189 1080 225 1119 ex
237 1060 360 1140 e'r'tsmffl.
401 1065 484 1121 Certe
494 1079 552 1118 uon
564 1061 646 1121 video
659 1065 804 1142 quomodo
816 1057 879 1120 aliie
896 1079 953 1120 vox
969 1064 1012 1122 ‘r're
1025 1064 1118 1124 locum
1125 1061 1224 1124 habere

187 1141 287 1216 poliit3
307 1149 336 1203 lit
350 1145 465 1205 Livius,
484 1145 558 1222 quod
571 1145 693 1222 apprime
704 1145 760 1204 huc
772 1143 858 1210 facit.
878 1141 969 1202 soibit
984 1164 1007 1202 r.
1022 1163 1066 1202 ιο.
1093 1145 1223 1204 Numam

186 1219 273 1296 ipsam
283 1221 400 1298 plurima
407 1223 489 1299 sacra
501 1220 599 1298 obitffi,
625 1237 657 1279 ea
668 1225 848 1300 maximeque
862 1241 931 1280 nunc
942 1225 980 1282 ad
991 1222 1103 1282 Dialem
1123 1221 1223 1280 Flami-

186 1311 248 1352 nem
257 1301 385 1371 pertinent
397 1321 407 1356 e
428 1299 501 1356 idem
521 1298 820 1365 uecumaliittellatur‚
841 1298 965 1358 Numam
974 1299 1128 1366 Marcium,
1148 1301 1226 1356 Mar.
1267 1363 1268 1366 Ἴ

187 1370 214 1430 ci
228 1371 336 1439 tilium,
357 1317 616 1452 emnibmlefflm
629 1373 810 1437 Pontificem.
837 1376 916 1455 eique
928 1375 997 1437 nera
1020 1377 1115 1455 omnia
1126 1374 1224 1436 exscri-

185 1461 233 1526 pta
245 1450 436 1530 exsignataque
453 1453 581 1510 attributa
592 1452 645 1512 effe
654 1451 779 1512 tntum
798 1456 882 1540 Rege.
923 1453 983 1513 Nec
1011 1454 1158 1533 quicquam
1169 1439 1226 1510 ‘me

186 1541 283 1585 movet
296 1529 403 1592 Zosimi
416 1531 577 1595 anelontem
597 1530 698 1610 quippe
708 1533 758 1611 qui
772 1534 800 1592 δι
812 1529 864 1588 alta
877 1527 916 1588 ibi
929 1531 1002 1589 male
1015 1543 1116 1594 narrat,
1137 1534 1223 1590 &no-

187 1606 264 1663 mine
274 1612 368 1664 Nam
379 1609 505 1684 deceptus
517 1605 569 1666 effe
583 1609 684 1684 potuit.

223 1701 351 1760 candidis
376 1700 590 1782 chlamydibus..
601 1701 637 1776 ·-]
668 1701 776 1762 Scilicet
795 1702 901 1762 candidi
920 1701 1020 1761 coloris
1032 1700 1116 1764 vestes
1129 1701 1224 1762 indue·

183 1773 282 1835 bantur
298 1777 468 1846 sacerdotes,
493 1777 613 1856 exceptis
626 1779 658 1835 iis
669 1781 718 1858 qui
733 1775 825 1838 inlitis
837 1778 1014 1856 operabantur
1026 1819 1034 1842 ‚
1063 1781 1104 1838 uti
1118 1780 1224 1838 notilli·

185 1871 269 1912 mum
286 1855 332 1912 est.
372 1859 407 1914 Et
419 1857 457 1916 lic
471 1857 500 1914 in
513 1851 691 1934 spetie'docet
702 1856 834 1934 Porphyr.
847 1879 876 1934 4.
896 1875 937 1931 19.
950 1857 983 1918 de
998 1857 1072 1916 abst.
1088 1858 1224 1928 aenaim

184 1933 261 2012 Jovis
271 1936 301 1993 in
313 1938 396 1995 Cretl
413 1937 475 1995 usos
489 1935 541 1994 effe
552 1931 687 2011 ejusmodi
699 1936 875 1994 vestimentis.
901 1937 982 1993 Silius
994 1938 1042 1995 lib.
1059 1957 1082 2012 3.
1103 1937 1225 1996 sacerdo·

181 2011 206 2068 ti
220 2011 314 2086 vellem
327 2018 434 2072 niveam
446 2012 668 2083 tribuitjPliniua
680 2012 832 2073 Druidibus
850 2014 992 2073 candidam
1004 2014 1051 2072 lib.
1071 2018 1111 2072 1⁶.
1131 2032 1154 2070 c.
1170 2013 1220 2070 ult.

186 2089 215 2144 δι
227 2089 357 2163 Apuleius
369 2093 538 2149 antistitibus
550 2090 687 2150 fictorum
700 2093 844 2148 candidam
859 2089 998 2147 linteamen
1012 2089 1054 2148 lib.
1068 2107 1110 2148 11.
1132 2091 1225 2180 Atque

182 2174 215 2219 ut
227 2162 342 2244 chlamys
355 2164 410 2222 hoc
422 2166 484 2224 loco
496 2168 625 2224 tribuitur
631 2165 869 2227 sacerdotnus,ita
881 2169 909 2220 &t
922 2167 995 2222 idem
1015 2165 1080 2223 facit
1093 2166 1224 2244 Apulqus

184 2239 258 2298 libro
271 2241 398 2301 laudator
420 2249 457 2298 Et
470 2241 582 2297 hamera
594 2240 751 2312 dependebat
762 2251 824 2316 pone
835 2253 939 2311 tergum
948 2243 1058 2317 perlusa
1069 2241 1222 2324 chlamyde.

223 2335 407 2414 cofefforita
420 2333 606 2414 effodiebantur
617 2332 752 2408 auli...]
775 2337 909 2411 Frequens
921 2334 976 2393 hoc
986 2333 1165 2414 supplicium,
1187 2349 1220 2396 ut

182 2416 212 2474 δι
225 2426 354 2473 trunortae
366 2433 480 2476 manus,
585 2453 595 2480 ,
614 2429 703 2473 natm,
725 2410 755 2468 in
766 2409 887 2468 Historil
901 2410 999 2470 Eccles.
1026 2414 1076 2472 Sed
1091 2415 1216 2474 observa·

117 2547 124 2556 N
182 2492 260 2551 tione
271 2492 390 2572 dignum
401 2491 439 2550 est
452 2495 474 2550 E
505 2491 547 2550 eb.
556 2493 583 2550 8.
594 2507 636 2548 ra.
651 2507 757 2548 narmre
769 2489 798 2548 in
810 2487 887 2546 rebus
902 2489 1080 2556 Diocletiani,
1100 2490 1219 2570 impera-

181 2581 255 2627 tores
268 2608 276 2634 .
302 2569 444 2647 postquam
456 2569 559 2644 judices
573 2579 777 2638 tormentorum
790 2569 819 2626 δι
832 2565 965 2644 sanguinis
984 2566 1085 2627 satietas
1097 2583 1217 2647 ceperat,

181 2645 296 2721 juffiffe
317 2662 349 2703 at
361 2647 427 2703 oculi
439 2643 591 2719 Christiana
604 2660 767 2712 maneatur,
789 2641 950 2714 &alteram
963 2649 1081 2704 crarium
1094 2647 1218 2706 debilita-

180 2738 272 2789 retar3
293 2722 361 2799 quin
374 2725 403 2780 δι
415 2722 489 2779 idem
505 2723 649 2779 memoria
660 2721 787 2780 mandare
800 2725 977 2799 Haymonem
986 2726 1012 2783 8.
1025 2743 1048 2781 1.
1056 2725 1124 2784 Hist.
1134 2723 1217 2791 Eccl,

182 2803 214 2860 &
227 2799 339 2857 Suidam
357 2797 425 2856 illud
444 2797 541 2856 referre
552 2799 585 2858 ad
597 2798 799 2858 Diocletianum
814 2804 842 2858 δι
855 2801 1058 2860 Maximianum
1070 2801 1151 2878 ipfius
1162 2821 1211 2880 ge·

181 2894 298 2940 nerum,
317 2876 366 2954 qui
377 2873 432 2932 fuit
442 2865 742 2956 Galerius,quemque,
756 2878 796 2934 uti
810 2895 845 2934 ex
857 2875 1029 2954 sequentibus
1039 2891 1128 2954 patet,
1149 2897 1216 2938 cum

181 2952 355 3014 Maximiano
368 2952 497 3010 Herculio
511 2952 663 3012 confundit.
705 2955 784 3012 villos
798 2993 806 3018 ,
827 2954 865 3009 ait
877 2991 885 3015 ,
905 2954 1075 3011 multitudine
1089 2953 1217 3028 Chrestia-

180 3051 293 3094 noram.
319 3032 366 3108 qai
383 3029 559 3086 occidebantur
572 3069 581 3091 .
606 3029 717 3088 editum
732 3028 869 3103 promulga
888 3048 922 3089 e,
950 3045 981 3086 at
998 3029 1115 3088 omaibat
1136 3029 1216 3088 chre·-

178 3107 268 3189 flr'anr'e
279 3147 288 3170 ‚
300 3108 607 3190 quotquotinvem'tmtar
614 3145 623 3171 ,
630 3105 724 3162 dexter
734 3104 840 3160 oculare
860 3105 990 3165 oderetur,
1007 3105 1148 3182 masolam
1157 3119 1216 3184 pto-

177 3197 238 3263 pter
248 3187 416 3245 acerbitatem
426 3183 535 3248 dolare,
546 3183 597 3260 sed
611 3186 693 3240 etiam
701 3193 801 3259 propter
813 3181 995 3256 ignominiam.
1016 3209 1043 3242 ιη
1059 3180 1215 3261 194'23312.

182 3278 248 3327 λοι,
274 3263 317 3336 vl
331 3266 373 3331 τῆς
389 3262 512 3333 Papulae
527 3257 662 3324 πλησίας
679 3261 812 3355 ῥήτωρ
828 3285 834 3321 :
861 3285 967 3346 eamque
979 3267 1136 3344 conspicuam
1149 3267 1214 3364 ,κά

140 3398 146 3407 ’
182 3342 1213 3502 ltflntntllllttll“p‘tllm””tt”tttlttil⁰t“lrllt

181 3519 219 3558 aa
232 3507 420 3566 mamam,
439 3497 483 3557 vel
494 3520 542 3560 mn
557 3497 684 3577 castratam
696 3503 725 3555 e'n
736 3503 798 3576 Rep.
815 3505 931 3559 Romana
946 3522 952 3558 ι
973 3498 1213 3578 idquodcerteve·

180 3595 245 3636 rum
257 3576 295 3634 est
308 3598 316 3630 .·
343 3578 415 3636 unde
427 3573 608 3654 unusquisque
620 3575 710 3634 statim
724 3573 886 3652 cognoscere
898 3589 1002 3653 poterat
1022 3597 1068 3636 eos
1081 3576 1211 3636 Christia-

149 3667 157 3678 '
180 3672 231 3713 nos
242 3653 302 3712 effe.
323 3653 354 3708 In
366 3651 461 3711 Politia
474 3656 519 3711 SS.
536 3657 646 3712 Patrum
659 3653 844 3729 Metrophnnis
857 3655 885 3712 &
899 3653 1042 3713 Alexandri
1056 3654 1125 3744 apud
1138 3653 1210 3712 Pho-

179 3733 252 3790 tium
266 3728 395 3810 legimus,
409 3729 567 3806 Papinum,
585 3732 634 3810 qui
646 3730 771 3789 interfuit
780 3729 907 3790 Concilio
920 3731 1050 3799 Nicaeno,
1068 3731 1206 3809 JulsuMa-

177 3827 294 3868 numnam
308 3831 342 3867 en
359 3805 511 3884 μιηχάςυ
526 3810 651 3869 dextrum
663 3807 764 3866 oeulm
778 3823 896 3871 omum,
915 3807 950 3882 6·
957 3805 1054 3887 ssnislri
1065 3809 1210 3866 ealitiner-

176 3906 223 3948 vot
237 3889 324 3970 tunsos
339 3887 438 3951 fuiffe:
456 3896 482 3975 eg
499 3895 542 3962 tir
557 3894 634 3959 λαιὰ
650 3888 843 3967 &leoninum
857 3893 978 3963 &paitru
993 3912 1001 3974 t
1026 3889 1070 3950 sed
1083 3889 1212 4028 hocget·

740 3981 784 4034 oo
805 3992 819 4054 3
1097 3984 1144 4034 ten
1162 3987 1213 4030 um
