2942 4634
358 346 527 421 Norae
566 365 632 418 ao
675 323 1085 415 L'rcrrnrrun.
1190 359 1233 441 69

209 479 382 537 Maenium
396 490 567 556 pugnarum.
606 479 642 535 Et
659 486 752 534 tamen
772 475 867 533 Victor
879 492 945 533 eum
959 476 996 534 ait
1009 476 1037 533 in
1050 476 1159 553 Illyrico
1171 480 1231 539 reli-

208 556 291 612 stum
302 554 667 689 mtmmffipuofflmm
685 550 808 609 maxime
830 552 964 629 cogitabat
983 556 1016 611 de
1035 553 1107 611 bello
1128 557 1228 618 Italico.

209 632 267 688 Sed
279 633 306 691 id
318 652 428 711 quoque
485 652 534 688 um
547 631 598 688 else
609 630 709 687 necesse
720 630 772 694 eil,
793 625 1082 702 clmaudiorejusdem
1090 630 1228 711 fragmen.

207 709 232 763 ti
245 726 304 787 pag.
318 727 380 781 472.
394 710 488 768 scribat
502 702 637 766 Licinium
649 705 726 764 fuisse
740 706 768 775 in
779 705 900 762 exercitu
912 705 1011 761 Galerii
1023 708 1145 766 Romam
1157 710 1226 769 obfi-

206 784 312 850 dentis‚
332 791 360 845 &
371 786 405 845 ab
415 806 450 843 eo
462 786 572 843 millum
585 785 613 840 in
626 783 726 839 urbem·
734 800 799 839 cum
812 781 901 839 Probo
913 796 945 837 ut
963 782 1034 839 viam
1054 783 1171 862 aliquam
1186 788 1226 846 in.

206 862 333 917 venirent
345 863 493 921 concordiae
503 864 575 919 inter
586 860 708 917 socerum
719 862 748 917 δι
760 876 900 935 generum.
921 858 991 933 Qar
1002 860 1083 917 etiam
1095 864 1226 922 evincunt

204 936 347 1013 privatum
358 941 444 997 adhuc
455 938 549 999 fuisse,
568 939 687 1013 adeoque
698 936 821 992 nondum
828 935 1029 1009 Imperatorem.
1068 941 1106 993 Ut
1119 941 1223 999 mirum

72 1030 83 1049 =
205 1014 288 1071 valde
300 1015 333 1072 iit
345 1017 434 1073 virum
447 1014 635 1075 doetiffimum
647 1012 814 1069 Hadrianum
827 1010 962 1067 Valesrum
972 1011 1118 1091 sequutum
1131 1018 1159 1074 in
1170 1017 1221 1076 hac

204 1088 319 1148 bilboria
328 1090 463 1150 scribenda
474 1091 551 1149 fuisse
562 1091 703 1147 Vidlorem
713 1084 804 1165 potiris
815 1084 898 1167 quim
911 1100 1011 1147 ceteros
1029 1091 1133 1149 audiori
1151 1094 1224 1151 istius

203 1166 357 1245 fragmenti
369 1168 566 1228 consentaneos.

247 1246 347 1321 Qoo
370 1263 450 1303 anre
471 1264 534 1301 nou
554 1244 722 1316 sternar]
747 1240 888 1298 Nimirum
914 1252 946 1299 ut
970 1241 1107 1301 Licinium
1126 1245 1224 1305 faceret

191 1320 414 1396 imperatorem.
436 1321 522 1397 Qod
534 1320 619 1378 facere
629 1320 685 1393 jam
697 1333 758 1376 tum
770 1329 873 1395 poterat
884 1338 970 1395 quum
985 1324 1113 1377 Severum
1127 1326 1155 1380 ὃ(
1169 1328 1228 1381 Ma-

202 1396 351 1453 ximinum
363 1396 427 1455 fecit
440 1396 569 1465 Caesarem
588 1394 634 1454 sed
644 1395 785 1463 noluerat,
806 1406 914 1471 propter
927 1396 1039 1455 rationes
1051 1396 1128 1474 supral
1140 1401 1228 1460 allatas
1265 1444 1268 1451 .

201 1471 235 1528 in
248 1472 339 1549 capite
351 1473 489 1552 vigesuno.
925 1492 927 1497 ’

241 1551 407 1607 Inanimum
429 1569 556 1609 nrcrnro
578 1551 702 1625 ornan]
726 1548 915 1629 Diglrdiantur
929 1547 998 1605 inter
1009 1549 1036 1606 se
1047 1551 1097 1608 viri
1109 1554 1181 1611 noeti
1196 1556 1224 1615 in

200 1626 394 1685 constinrendo
406 1646 477 1684 anno
489 1647 546 1707 quo
559 1628 676 1686 Licinius
687 1626 773 1684 factm
785 1627 822 1683 est
835 1630 982 1701 Imperator
995 1668 1003 1692 ‚
1022 1629 1182 1707 quibusdam
1198 1634 1225 1693 id

200 1703 322 1760 evenisse
333 1704 497 1763 censentibus
509 1724 580 1763 anno
593 1704 694 1761 Christi
707 1722 827 1761 cccvrr.
843 1703 900 1760 aliis
911 1703 1038 1780 sequenti.
1079 1708 1138 1784 Ego
1150 1722 1225 1765 utro-

199 1798 324 1857 rumque
335 1782 449 1839 rationes
462 1781 588 1841 adferam.
628 1781 687 1859 Qi
698 1782 815 1856 priorem
829 1780 986 1838 sententiam
998 1784 1169 1843 tuentur.his
1181 1804 1221 1841 ar·
1296 1796 1299 1811 ·

149 1874 155 1883 ·
198 1859 344 1931 gumentis
356 1872 402 1916 aut
413 1872 528 1917 utuntur
539 1870 585 1916 aut
598 1857 639 1915 uti
650 1857 765 1934 possunt.
806 1860 887 1916 Anno
899 1858 997 1915 Christi
1018 1878 1140 1919 cccv1r.
1161 1880 1224 1917 mo-

198 1940 229 1988 ta
241 1934 308 1990 sunt
317 1954 391 1992 arma
401 1933 523 1994 adversias
529 1935 714 1999 Maxentium,
732 1936 782 2013 qui
795 1933 848 1995 fine
860 1936 921 1992 anni
933 1934 1223 2011 superiorisimperium

199 2008 336 2066 invaserat
348 2035 357 2077 ;
377 2015 406 2069 δι
418 2016 528 2070 Sereno
539 2010 625 2071 Caesar
637 2009 774 2091 Augustus
786 2053 795 2077 ‚
813 2012 862 2091 qui
876 2012 908 2069 ad
927 2013 1137 2090 expugnandum
1156 2031 1223 2071 eum

198 2082 329 2141 Romam
342 2088 477 2145 accesserat
489 2090 580 2147 missus
591 2087 607 2147 i
618 2091 728 2147 Galerio
740 2089 927 2146 Maximiano,
954 2088 1070 2161 repulsus
1082 2107 1112 2144 ac
1123 2089 1223 2163 postre-

199 2157 255 2216 mo
268 2159 411 2218 miserabili
422 2165 517 2219 mortis
529 2184 626 2240 genere
637 2166 773 2220 extinctus
783 2164 821 2218 est
838 2180 908 2219 anno
918 2160 1033 2219 secundo
1046 2163 1151 2237 imperii
1163 2164 1219 2229 sui,

199 2246 236 2291 ut
249 2234 348 2313 legitur
362 2237 390 2293 in
401 2238 541 2294 Chronico
552 2236 658 2294 Eusebii
671 2276 679 2300 ,
699 2238 777 2292 idest
789 2275 797 2300 ,
817 2256 887 2293 anno
899 2236 998 2292 Christi
1018 2256 1090 2294 cccv
1098 2256 1107 2293 r
1115 2258 1147 2303 1.,
1157 2254 1218 2297 ante

200 2311 339 2370 Kalendas
349 2314 446 2379 Maias,
465 2314 563 2391 quibus
573 2312 686 2369 biennio
699 2322 775 2369 antea
786 2310 871 2383 fadtm
881 2310 1060 2371 fueratCarsar
1071 2315 1103 2373 ab
1116 2317 1218 2375 Hercu·

198 2386 243 2445 lio
256 2389 433 2448 Maximiano.
454 2394 493 2447 lta
504 2388 662 2466 onuphrius
672 2389 815 2445 Parvinius
826 2389 855 2446 in
866 2390 1061 2447 commentario
1072 2392 1103 2448 ad
1115 2391 1216 2453 librum

200 2464 353 2525 secundum
365 2468 517 2535 Fastorum,
537 2467 571 2526 ad
582 2484 684 2523 annum
697 2484 724 2522 r.
733 2484 761 2521 c.
783 2484 806 2521 n
815 2482 878 2521 urx.
899 2465 947 2543 qui
958 2468 1082 2543 congruit
1094 2488 1158 2527 eum
1170 2492 1218 2529 an-

203 2560 243 2599 no
256 2542 358 2600 Christi
376 2563 469 2601 cccrr
478 2565 499 2601 1.
520 2554 574 2601 Hoc
583 2562 649 2600 anno
661 2544 729 2601 circa
740 2542 803 2601 Kal.
815 2545 886 2601 Maii
896 2552 1024 2608 Seuerou,
1049 2548 1093 2623 qni
1106 2548 1125 2601 ri
1139 2550 1220 2605 Gaio.

199 2621 241 2675 rio
253 2622 340 2696 Cesar
354 2632 399 2694 por
416 2622 526 2678 ltaliam
538 2618 574 2689 ὁ·
586 2616 711 2695 Africam
727 2636 829 2679 creatur
840 2618 932 2699 fuerat
944 2659 952 2681 ‚
973 2640 1054 2699 quum
1077 2622 1219 2682 adversim
1323 2676 1327 2683 ,

171 2700 176 2707 “
200 2711 304 2752 morum
312 2698 518 2771 pretorianorum
528 2712 608 2773 atquo
620 2700 754 2754 Maxentii
763 2704 873 2755 Romam
891 2716 950 2759 cnm
967 2701 1081 2757 exercitu
1094 2700 1218 2778 vorssar,

198 2771 533 2848 militnmsuorumsceiere
543 2773 677 2849 desertus,
697 2776 795 2852 ipseque
808 2770 913 2853 fugiens
927 2816 937 2840 ‚
955 2776 1034 2832 altera
1045 2778 1143 2852 imperii
1153 2792 1220 2836 anm

199 2855 334 2906 anonrre
346 2846 493 2925 interfesirn
506 2848 544 2924 esi.
584 2848 715 2907 Acceusus
727 2870 757 2907 ea
769 2853 920 2928 ignominia
930 2853 1072 2917 Galerius,
1095 2854 1123 2908 in
1135 2872 1220 2930 quem

201 2924 261 2981 lroc
271 2924 385 2985 dedecus
398 2924 528 2982 recidebat
538 2939 570 2983 ut
581 2926 609 2982 in
619 2927 758 2983 audiorem
769 2928 832 2985 belli
845 2968 853 2993 ‚
873 2928 1020 2985 incredibili
1033 2929 1166 2985 celeritate
1184 2948 1220 2989 ex

200 3002 312 3078 Illyrico
326 3003 448 3058 Romam
460 3021 525 3058 cum
537 3000 671 3058 immenso
684 3002 803 3078 exercitu
816 3002 942 3065 advolat,
963 3008 990 3062 δι
1010 3024 1043 3061 ex
1056 3003 1130 3061 Italia
1143 3006 1170 3061 in
1182 3006 1217 3063 Il·

203 3074 213 3132 l
232 3079 321 3137 ticum
332 3079 435 3136 revolat
449 3078 599 3157 inglorius,
625 3088 717 3133 totum
729 3077 795 3134 illud
807 3088 936 3135 terrarum
948 3077 1062 3154 spatium
1077 3080 1116 3137 bis
1128 3101 1223 3141 emen.

204 3148 1220 3308 Mssislil‘s{siisl‘lslls‘lssalnslsslsis}

206 3302 309 3381 ingenti
319 3308 449 3368 dedecore
459 3311 566 3367 coaetus
583 3321 638 3365 erat
656 3320 733 3385 terga
751 3318 862 3366 vertere.
903 3310 940 3365 Ea
951 3307 985 3364 de
997 3308 1072 3368 causa
1084 3310 1220 3372 Licinium

206 3380 265 3453 post
275 3384 390 3443 reditum
401 3404 437 3445 ex
448 3385 523 3443 Italia
535 3397 606 3443 omt
616 3386 831 3459 Imperatorem,
849 3384 979 3443 destinans
998 3404 1060 3443 eum
1080 3387 1160 3447 Italiae
1174 3390 1220 3448 ad-

205 3454 295 3513 versas
307 3463 484 3521 Maxentium.
524 3462 592 3519 naa
602 3460 661 3519 haec
677 3462 735 3518 ιη’.
757 3461 818 3520 Idus
830 3461 1007 3527 Novembris,
1026 3476 1057 3520 ut
1069 3462 1169 3555 legitur
1189 3468 1218 3525 in

205 3532 286 3620 Fastis
296 3536 416 3595 Idatianis
427 3544 454 3599 bt
467 3539 496 3597 in
508 3538 648 3596 Chronico
660 3538 850 3597 Alexandrino.
878 3540 927 3597 Sed
940 3542 1065 3615 quamvis
1077 3542 1106 3599 hr
1118 3542 1224 3611 duo'lle

205 3605 248 3663 bn
259 3610 421 3672 consentiant
432 3616 465 3673 de
475 3616 534 3681 die,
553 3615 587 3672 de
597 3633 668 3673 anno
678 3628 771 3673 tamen
784 3634 840 3673 non
853 3616 1025 3674 conveniunt.
1047 3619 1119 3676 Nam
1127 3618 1217 3677 Chro-

204 3683 286 3742 nicon
304 3688 515 3750 Alexandrinum
534 3692 609 3750 initia
627 3692 734 3769 imperii
753 3692 884 3751 Liciniani
900 3690 983 3749 refert
1000 3694 1032 3753 ad
1045 3715 1146 3753 annum
1159 3716 1216 3774 quo

204 3758 438 3826 Flcmstanrinus
444 3769 578 3849 Augurius
587 3767 767 3827 solusConsul
778 3768 845 3837 fuit,
866 3768 933 3827 Fasti
946 3769 978 3828 ad
991 3788 1091 3829 annum
1104 3772 1215 3849 sequen·

203 3846 277 3903 tems
295 3842 344 3920 qui
355 3843 391 3902 fic
402 3859 512 3903 notatur
525 3868 532 3902 :
552 3852 621 3905 Item
631 3846 711 3903 decios
723 3844 759 3917 ό·
770 3848 936 3904 Maximiano
948 3864 981 3902 vr
989 3866 1010 3905 r.
1054 3852 1121 3931 Qo
1132 3849 1214 3907 etiam

204 3916 303 3987 ΝΜΟ,
322 3932 354 3979 ut
363 3920 418 3983 hoc
429 3922 518 3982 obiter
529 3941 657 3983 moneam
668 3961 678 3987 ,
696 3925 791 3981 Graeca
803 3923 861 3991 illa,
881 3921 1082 3997 unriurein,
1104 3942 1164 4003 qua
1178 3924 1215 3981 le-

692 4008 777 4084 103
1117 4015 1218 4087 guntur
1310 4070 1313 4077 ,
