2942 4634
312 286 489 367 Norat
535 290 604 361 'nn
655 292 1071 365 Lacraurrun.
1164 294 1204 371 81

184 423 285 491 iiooeat
296 424 466 506 intelligenda
477 423 530 483 effe
538 424 572 482 de
578 418 688 483 Galerio
694 422 878 491 Maximiano,
897 424 979 485 istum
991 428 1081 491 enim,
1093 428 1141 508 qui
1151 432 1209 507 jam

190 517 329 567 veteranus
338 516 415 567 erat,
439 515 630 563 contumacem
648 499 702 559 dici
714 519 771 559 non
783 501 856 578 poffe
867 502 895 559 in
908 503 1047 563 novitium
1059 508 1207 583 Imperato-

190 600 249 639 rem
267 580 453 641 Maximinum
472 619 481 642 .
505 574 571 637 cim
589 577 763 637 contumacia
781 578 814 635 tir
833 576 966 636 inferioris
985 582 1014 637 in
1033 581 1207 659 superiorem.

188 658 249 747 Ego
261 662 326 717 verb
337 656 451 715 arbitror
463 652 536 715 nee
547 657 578 715 in
588 654 644 713 hoc
655 653 719 713 loco
730 652 920 731 reprehensum
933 654 1108 735 eiseI’agium
1120 656 1137 716 i
1148 661 1206 717 Co·

81 751 84 776 ·
187 725 292 793 iambo.

186 814 190 881 j
225 808 445 885 errnrruu]
465 810 523 869 Aut
534 806 715 872 valdefallon
733 820 782 869 aut
793 806 927 869 Maxentii
941 826 1044 871 nornen
1058 810 1148 879 isthic,
1174 825 1206 872 ut

171 886 216 944 'in
234 886 363 947 chronico
388 884 597 950 Alexandrino,
622 904 760 963 perperam
778 887 899 963 positum
917 888 955 945 est
973 907 1023 964 pro
1041 890 1205 949 MaxImino.

186 962 272 1030 Nulla
285 965 361 1023 enim
372 964 442 1023 inter
451 962 511 1023 haec
520 961 628 1019 mentio
640 960 774 1019 Maxentii
787 1002 797 1027 ,
816 982 900 1039 quem
918 964 1041 1023 Galerius
1060 967 1206 1025 Maximin-

169 1051 172 1059 '
185 1046 239 1097 rius
249 1039 323 1099 socer
333 1042 390 1117 ejus
403 1041 495 1099 oderat
506 1040 535 1095 bt
546 1050 577 1094 ut
588 1036 695 1095 hostem
706 1036 849 1113 publicum
867 1037 946 1115 paulb
964 1039 1026 1101 ante
1040 1042 1111 1101 bello
1124 1060 1204 1119 appe·

184 1116 271 1175 tierat.
297 1120 335 1175 At
347 1117 389 1177 vir
401 1114 557 1175 clariffimus
568 1114 682 1208 Ioannes
700 1114 853 1173 Columbus
863 1118 961 1177 retinet
972 1118 1001 1175 iu
1013 1120 1067 1177 boc
1080 1120 1143 1177 Ioon
1155 1136 1206 1176 no·

183 1211 251 1250 men
264 1192 418 1255 Maxentii,
437 1191 510 1250 addit
523 1209 588 1248 vero
601 1189 746 1247 Maximini
761 1190 834 1247 Daiae
847 1212 967 1257 nornen,
988 1196 1062 1272 quod
1074 1190 1089 1253 i
1101 1194 1207 1255 dormi.

178 1282 259 1329 tante
271 1268 381 1327 librario
391 1266 521 1325 omissum
533 1262 584 1352 effe
594 1278 685 1343 putat,
705 1269 732 1324 δι
745 1280 860 1355 quatuor
872 1270 1045 1345 Imperatores
1056 1269 1137 1349 paulb
1149 1270 1210 1349 pbst

182 1346 341 1404 nominatos
352 1345 389 1403 ait
401 1342 452 1402 effe
463 1342 600 1401 ticinium
610 1381 619 1404 ‚
650 1342 838 1403 Maximinum
850 1384 860 1411 ‚
879 1348 1072 1415 Maxentium,
1091 1353 1120 1409 ec
1134 1350 1211 1407 con-

182 1421 345 1485 stantinum.
358 1439 364 1450 ·
384 1420 457 1479 Mihi
468 1416 558 1477 multb
570 1418 682 1478 srmilius
694 1438 760 1499 vero
773 1422 878 1479 videtur
890 1422 927 1479 ita
939 1422 1144 1509 inteIIIgendnm
1157 1424 1212 1483 effe

183 1498 260 1556 hunc
272 1498 369 1557 locum
380 1511 411 1555 ut
424 1509 540 1575 quatuor
551 1494 613 1553 illos
630 1516 699 1575 quos
711 1497 886 1573 Imperatores
907 1500 1041 1559 nominari
1059 1502 1132 1575 jussit
1150 1505 1206 1561 Gn

182 1574 264 1633 lerius
276 1575 396 1634 dicamus
407 1573 457 1631 hos
469 1572 521 1633 effe
530 1610 539 1633 .
549 1572 649 1649 'ipsum
668 1573 793 1631 videlicet
813 1569 905 1653 prirnb
924 1574 1065 1633 Galerium
1077 1617 1087 1645 ‚
1116 1589 1148 1635 ut
1158 1592 1216 1655 par·

181 1666 255 1717 erat,
273 1650 491 1715 tumLicinium‚
513 1649 815 1717 deindeMaximInum‚
834 1648 971 1727 postremb
985 1653 1203 1713 Constantinum.

184 1728 282 1790 Nam,
307 1740 339 1787 ut
357 1740 434 1785 antea
450 1726 509 1785 dixi
525 1767 534 1792 ,
560 1726 709 1785 nullatum
721 1728 825 1787 mentio
838 1729 985 1791 Maxentii.
1009 1733 1037 1789 δι
1049 1744 1154 1789 certum
1166 1730 1206 1789 est

182 1804 370 1864 Maximinum
381 1800 439 1864 'non
448 1801 563 1882 potuiffe
573 1803 709 1881 preteriri.
748 1802 870 1865 Habebat
881 1806 958 1865 enim
975 1808 1127 1867 exercitum
1146 1806 1203 1865 for-

184 1894 244 1939 tem

223 1926 484 2019 douarrnrrnun
497 1978 564 2018 rra.
580 1960 668 2037 aun]
689 1966 730 2022 Ex
743 1956 934 2041 hocpraecipue
947 1956 1009 2021 loco
1021 1960 1202 2093 conffion‘

182 2033 291 2093 sensum
303 2036 471 2095 Constantini
481 2036 641 2115 roquifitum
654 2060 710 2098 non
722 2038 799 2098 fuiffe
816 2058 904 2116 quum
924 2041 1042 2097 Iicmius
1061 2037 1089 2095 fa
1163 2036 1203 2093 est

179 2112 339 2186 Imperator.
380 2112 489 2191 Qippe
499 2115 635 2187 probabile
646 2135 703 2173 non
714 2116 752 2171 est
765 2132 831 2171 eum
843 2115 891 2189 qui
903 2116 1051 2189 Imperator
1063 2116 1092 2171 bt
1105 2114 1203 2187 Augu·

182 2187 238 2275 stus
248 2186 336 2244 dicius
347 2186 380 2243 ab
391 2186 520 2243 Herculio
531 2187 633 2274 fucratvt,
641 2190 701 2274 ‘qui
713 2180 784 2244 filhrs
791 2194 824 2275 ιδι
835 2207 918 2265 gener
930 2188 1116 2265 Augustorum
1127 2200 1201 2249 crat·

182 2260 706 2414 fflffiiissffi‘iiiffl
721 2260 948 2425 piminii
958 2277 1137 2415 ἓίῗζίἳεὲῗῑ
1148 2260 1199 2395 ἓῖ

181 2418 291 2475 minem
303 2434 416 2473 nouum.
454 2418 490 2475 Et
501 2412 563 2473 sanc
577 2414 665 2473 nescio
676 2435 711 2473 an
724 2412 771 2471 asta
786 2412 823 2473 src
840 2432 876 2471 ex
895 2416 973 2473 omni
986 2431 1059 2492 pane
1077 2414 1202 2473 sucoeffe-

182 2495 247 2553 rint.
288 2494 362 2551 Nam
374 2494 403 2550 in
415 2491 504 2551 edicto
517 2492 579 2551 anni
600 2510 708 2550 cccxi.
728 2492 775 2551 ubi
796 2506 848 2551 tres
866 2493 1039 2569 Imperatores
1056 2494 1202 2554 nominan-

183 2582 244 2637 tur,
264 2570 365 2627 Galerii
376 2569 489 2647 quidem
500 2588 604 2626 nomen
615 2609 624 2633 ,
646 2582 678 2625 ut
688 2568 798 2626 senioris
809 2568 935 2646 Ptinprir
946 2606 956 2629 ‚
975 2570 1067 2648 primo
1079 2569 1141 2628 loco
1152 2587 1204 2645 po·

184 2648 280 2712 nitur,
299 2660 362 2703 tum
376 2644 567 2705 Constantini,
592 2644 686 2703 deinde
702 2642 838 2722 postremb
858 2646 963 2705 Licinii.
1003 2648 1091 2727 Qod
1102 2646 1204 2705 indicat

184 2723 348 2802 dignitatem
360 2720 431 2778 istius
443 2717 541 2795 pass‘am
553 2720 604 2779 esse
614 2721 729 2801 aliquam
742 2724 983 2783 contradiciionem
995 2724 1064 2800 apud
1071 2723 1202 2783 Constan-

182 2802 297 2865 tinum,
321 2816 436 2877 eamque
454 2815 510 2854 non
528 2796 603 2856 aliter
619 2798 735 2879 iopitam
750 2797 836 2881 quim
852 2801 997 2879 rejiciendo
1016 2800 1153 2861 Licinium
1173 2800 1203 2859 in

179 2877 298 2935 tertium
309 2874 413 2932 locum.
774 2925 776 2930 .

222 2956 400 3011 Aucusrun
421 2968 454 3008 sc
475 2954 714 3027 uuucurrrun]
736 2952 881 3030 Singularis
892 2953 930 3011 est
943 2952 1059 3032 huicque
1072 2948 1204 3011 Instantii
1284 2986 1287 2993 ·

184 3028 322 3107 scriptioni
333 3026 412 3106 plani
424 3030 585 3087 conveniens
596 3028 671 3085 locus
681 3030 788 3087 Ruffini
800 3024 832 3089 cx
846 3032 916 3087 libro
932 3050 974 3087 rx.
988 3050 1052 3107 cap„
1058 3048 1084 3085 v.
1100 3030 1148 3087 ubi
1161 3028 1204 3085 lo-

184 3125 270 3183 quens
281 3107 315 3165 de
332 3106 431 3164 eodem
449 3105 605 3163 Maximino
616 3105 673 3162 ait.-
692 3112 730 3163 m
742 3108 864 3181 qumvis
878 3109 900 3163 ei
911 3125 988 3181 agere
1000 3108 1090 3165 cuma
1105 3126 1138 3163 ex
1140 3104 1204 3181 sen-

183 3185 268 3240 συκέα
280 3184 381 3249 liceret,
400 3185 490 3259 quippe
501 3185 547 3259 qui
553 3183 614 3260 jam
621 3178 674 3258 sabi
685 3184 764 3241 eriam
777 3180 891 3258 Augusti
902 3185 999 3239 inemec
1015 3200 1061 3239 am
1069 3176 1204 3258 presump-

179 3258 255 3336 sem
266 3262 419 3335 dignitatem
430 3298 438 3320 ,
465 3258 551 3315 videri
563 3274 651 3317 tamen
662 3260 724 3315 vuit
738 3256 805 3335 quid
815 3257 946 3335 aliquibus
952 3258 985 3337 ju
1007 3259 1028 3315 ie
1039 3257 1086 3315 hac
1098 3258 1205 3315 rationi-

187 3332 236 3389 bus
247 3351 319 3407 agat.
358 3334 512 3393 Confirmat
525 3334 652 3394 Eusebius
663 3333 709 3392 Iib.
724 3353 752 3391 vr
761 3354 769 3391 r
778 3355 794 3391 r.
810 3352 866 3411 cap.
883 3354 952 3392 xrrr.
966 3335 1012 3393 ubi
1023 3354 1111 3409 quum
1123 3333 1205 3393 dixis-

187 3406 228 3467 set
246 3410 380 3467 Licinium
397 3416 592 3489 Imperatorem
604 3414 633 3471 bt
651 3410 806 3491 Augustum
824 3410 986 3469 declaratum
1004 3410 1082 3473 esse.
1108 3408 1203 3469 addice
1300 3470 1313 3489 ,

187 3479 279 3568 ⁶Quod
290 3488 394 3563 quidem
403 3491 568 3547 Maximinus
580 3488 642 3565 egri
652 3490 795 3547 admodum
806 3488 871 3546 tulit
889 3528 899 3553 ,
916 3488 961 3566 qm'
978 3486 1100 3547 haumar
1119 3488 1205 3565 Cesar

188 3564 324 3621 duntaxat
335 3564 370 3619 ab
379 3566 493 3622 omm'bm
504 3566 688 3641 appeiabatur.
726 3568 780 3623 Hic
791 3584 848 3640 ergo
858 3576 906 3641 pre
917 3567 1008 3623 ceteri
1019 3568 1148 3645 tyrannico
1159 3567 1201 3623 in·

184 3640 259 3714 gmio
267 3639 399 3715 prmius,
420 3639 585 3719 Augustus&
608 3643 684 3699 emori
692 3642 896 3721 sorenuntiatus
909 3640 950 3712 eli.
1390 3710 1391 3713 Ἴ

208 3716 302 3773 ·Drc.
324 3732 360 3772 nr
374 3714 459 3775 Ὀοτ.
482 3737 578 3775 annus
622 3654 698 3777 laci
712 3736 796 3775 annus
816 3716 916 3775 Christi
936 3734 1022 3777 cccx.
1042 3730 1074 3777 ut
1084 3710 1299 3800 ostenditcrri

184 3802 295 3867 tempus
306 3795 401 3851 mortis
407 3794 515 3853 Galerii.
536 3794 610 3852 Nam
623 3790 688 3853 crim
700 3792 745 3851 Ille
758 3794 883 3871 inceperit
895 3806 1021 3873 aegrotare
1032 3814 1198 3853 annoxvrrr.
1210 3794 1340 3856 IIXIIIII.¹

185 3865 295 3948 imperii
306 3868 363 3943 sui,
381 3871 551 3949 aegrotaverit
563 3882 654 3933 autem
666 3890 714 3949 per
724 3887 826 4025 apuam
837 3885 988 3951 perpetem,
1009 3872 1140 3937 &obierit
1152 3890 1198 3927 an-

702 3954 727 4007 F
1161 3964 1201 4011 uu
