2942 4634
217 231 284 327 284
356 232 729 332 Jonnnurt
778 230 1109 304 Coronant

215 374 253 414 ex
268 358 425 437 praescriptis
435 357 499 438 Jovi
511 358 630 417 dedIcata
642 354 679 413 est
693 375 738 416 ara
750 355 794 416 illa
808 358 878 434 apud
890 349 1041 419 Gruterum
1052 400 1061 423 .
1080 357 1156 432 cujus
1168 358 1244 419 dabi-

213 452 279 494 mus
292 434 362 495 moi
377 435 575 513 inscriptionem
590 475 598 499 ,
619 452 675 491 non
688 434 794 492 dubitat
805 436 915 494 eosdem
936 438 1052 505 habere3
1072 437 1121 514 qui
1127 449 1247 504 tamen,

213 523 262 569 ant
275 533 393 592 quorum
407 515 553 570 nominum
568 511 608 569 illi
621 510 686 573 sint,
707 510 787 569 falsus
797 512 846 571 fibi
858 531 916 570 non
928 513 1039 592 liquere.
1066 517 1100 571 Et
1112 528 1183 571 certe
1202 535 1248 572 res

213 606 273 645 nou
285 604 356 649 caret
368 588 535 647 obscuritate.
556 589 701 646 Videamus
714 602 806 645 tamen
818 608 901 667 quam
913 591 960 649 hic
972 591 1050 648 nobis
1061 591 1134 646 viam
1147 604 1247 667 praeeat

211 666 337 743 Cuperus
347 666 449 730 noster,
468 669 519 723 Vir
531 664 688 723 eruditionis
699 667 797 743 pariter
809 669 985 745 &dignitatis
1002 666 1177 742 amplilsrmae.
1199 671 1245 726 Ex

214 746 289 801 notis
299 743 351 802 suis
362 744 395 802 ad
408 742 576 819 Apotheosrn
594 744 710 800 Homeri
723 784 732 809 ,
751 744 826 820 quod
844 763 912 820 opus
924 747 957 804 ad
969 746 1135 803 umbilicum
1153 764 1242 807 nunc.

213 830 247 877 ut
259 822 356 885 audio,
375 819 500 880 festInans
513 816 610 899 cupide
623 818 638 877 a
650 819 798 897 priscarum
810 821 930 879 studiosis
942 822 1136 901 elegantiarum
1148 821 1243 897 exspe-

211 895 316 964 etam,
335 896 394 956 haec
413 911 552 975 excerpta,
572 915 621 973 pro
633 898 735 975 reliqua
747 898 911 977 benignitate
926 897 971 955 sua
983 918 1096 957 mecum
1108 919 1243 957 commu-

210 974 313 1031 nicavit
326 976 375 1033 Vir
392 974 568 1033 humanitatis
585 973 793 1033 celebratissimae
812 995 819 1031 z
851 976 996 1053 Postquam
1015 978 1047 1035 de
1072 977 1190 1033 Homeri
1208 977 1240 1033 in

211 1050 427 1123 montelirmmo
434 1051 513 1129 positi
524 1050 712 1129 preterlegere
723 1053 822 1127 coepit,
842 1055 999 1118 Montium,
1019 1053 1124 1130 inquit,
1139 1072 1239 1131 magna

211 1124 282 1183 olim
296 1130 447 1193 veneratio,
467 1130 550 1209 inque
559 1129 592 1185 iis
604 1130 744 1186 exstructa
755 1148 829 1195 arae,
850 1133 878 1189 bc
892 1132 1013 1207 templa,
1033 1143 1064 1187 ut
1077 1129 1137 1186 satis
1146 1130 1239 1204 super·

209 1220 268 1337 pue
280 1205 437 1264 exlistoria
449 1218 507 1265 tam
523 1203 594 1264 sacri
605 1224 688 1283 quam
700 1204 812 1282 profani
824 1219 896 1283 patet
909 1248 918 1273 ,
938 1205 1067 1285 plerisque
1078 1206 1241 1265 numinibus

226 1295 330 1357 uerunt.
350 1285 430 1342 Unde
441 1283 511 1359 apud
517 1282 707 1341 Philostratum
720 1284 781 1342 Indi
793 1282 945 1343 Caucasum
962 1293 1026 1344 erar
1042 1288 1104 1343 lexov
1125 1298 1236 1353 vocant,

210 1358 297 1417 Persae
328 1361 398 1435 apud
423 1358 599 1418 Herodotum
623 1368 668 1422 iar-l
682 1368 717 1420 roi
729 1367 881 1435 ridenda-m
897 1370 945 1420 τόν
968 1365 1039 1435 ripr'or
1055 1366 1238 1420 donodono,

210 1434 275 1512 Jori
296 1435 392 1496 hostias
412 1436 569 1495 immolant.
607 1444 765 1502 Martinus,
796 1437 844 1515 qui
862 1436 1005 1494 montibus
1025 1435 1116 1512 praest
1141 1437 1215 1491 Deus
1227 1466 1240 1491 ι

211 1513 284 1587 apud
295 1514 451 1573 Arnobium
464 1515 595 1574 occurrit:
615 1528 702 1573 mater
712 1514 814 1573 Galerii
820 1513 982 1571 Maximiani
990 1513 1096 1571 deorum
1107 1515 1238 1569 monam

210 1588 311 1647 culnia
322 1592 418 1649 mulier
434 1594 576 1651 admodum
582 1591 757 1671 superstitiosa
768 1589 908 1650 iactando
926 1589 1033 1648 dicitur.
1073 1591 1128 1648 Drr
1147 1592 1240 1647 Mora-

214 1682 327 1724 ·rrrrsrs
361 1670 391 1725 in
423 1668 597 1745 inscriptione
631 1668 701 1745 apud
733 1659 883 1729 Gruterum
906 1685 934 1743 p.
959 1684 1027 1728 xxa.
1052 1666 1236 1735 celebrantur3

209 1741 1238 1881 amnestian³¹²aaaltttaiaffllnalttlmt

209 1838 316 1955 sanari
321 1841 531 1976 septimonriiooir
550 1839 780 1975 quodqcelebratur
791 1894 807 1953 al
820 1900 964 1961 manis,
984 1897 1077 1962 idest,
1097 1898 1145 1976 qui
1152 1916 1235 1955 mon·

209 1983 251 2031 tes
263 1974 455 2042 inhabitabant.
477 1993 533 2032 non
544 1988 636 2031 autem
650 1968 666 2029 i
679 1983 742 2030 toto
753 1974 872 2108 populo,
890 1975 933 2031 uti
944 1973 1015 2051 apud
1026 1978 1176 2032 Varronem
1185 1974 1234 2032 lib.

210 2050 244 2108 V.
260 2054 294 2111 de
306 2056 337 2111 L.
351 2056 409 2111 Lat.
423 2054 509 2131 legere
521 2051 600 2121 lIceta
618 2068 730 2130 quoque
742 2051 771 2108 in
793 2063 884 2127 eptem
895 2050 983 2117 locis,
1001 2050 1067 2109 telle
1083 2053 1170 2113 Festo.
1193 2051 1238 2109 fa.

209 2126 317 2188 ciebant
334 2128 493 2191 sacrificium
512 2129 583 2193 diis,
600 2140 633 2186 ut
649 2130 768 2205 opinor,
786 2126 961 2206 praesidibus,
982 2140 1015 2185 ut
1032 2128 1103 2206 apud
1116 2129 1238 2187 eundem

207 2205 355 2293 palatualis
367 2206 470 2287 flamen
487 2249 496 2275 ,
513 2209 560 2268 ”od
583 2204 769 2282 acrifirandum
786 2209 811 2264 ei
822 2208 872 2294 deo
890 2197 1038 2295 'constitutur
1049 2221 1127 2271 erat,
1149 2207 1176 2262 in
1188 2226 1239 2261 cu.

201 2284 574 2439 anticamera
586 2282 939 2421 lacrimam
952 2283 1100 2441 antea?
1113 2285 1238 2433 are:

202 2435 281 2493 ,ilius
292 2454 326 2492 ex
339 2433 397 2511 ipso
410 2435 481 2491 libro
493 2450 638 2513 petentur,
657 2436 812 2526 propediem
830 2434 860 2492 in
870 2430 932 2488 usus
945 2431 1065 2507 publicos
1075 2434 1234 2507 prodituro.

208 2512 249 2569 olt
263 2513 291 2568 in
304 2510 355 2567 alia
368 2510 499 2584 Epistola,
519 2530 580 2588 quae
593 2512 664 2571 mlhr
678 2514 769 2573 attulit
778 2531 820 2571 eas
832 2508 884 2569 viri
897 2506 1006 2589 insignis
1016 2521 1113 2573 notas,
1132 2510 1236 2588 quibus

209 2586 258 2644 blo
269 2588 397 2643 fruuntur
408 2584 538 2653 letiorea,
560 2586 650 2644 isthaec
660 2590 769 2662 adjecit.
807 2589 867 2647 Hac
878 2589 911 2648 de
924 2603 953 2642 re
973 2598 1048 2644 antea
1058 2586 1147 2663 scripsi
1159 2614 1168 2655 ς
1187 2587 1237 2651 sed

209 2680 274 2721 cum
287 2679 344 2718 non
360 2657 437 2717 solos*
448 2674 544 2716 montes
562 2671 595 2716 ut
606 2660 669 2715 deos
682 2666 803 2720 venerati
817 2664 870 2721 fiat
883 2705 891 2728 ,
912 2663 974 2721 vide
994 2683 1027 2721 an
1038 2666 1129 2741 potius
1140 2664 1236 2744 legen-

208 2738 277 2797 dum
297 2737 330 2795 fit
346 2738 469 2794 omnium.
490 2734 534 2795 stc
546 2752 570 2795 c·
586 2740 628 2810 36.
649 2732 718 2823 Qr'
738 2737 775 2805 ά
787 2736 919 2875 μιήζιὶα
937 2750 983 2815 per
1002 2762 1084 2801 omnes
1102 2746 1157 2801 deos
1169 2744 1234 2821 suos

207 2812 436 2895 quotidiefoceret.
477 2814 529 2873 Sed
537 2810 613 2871 sorte
624 2830 757 2890 praecipue
769 2816 849 2893 Elaga
881 2814 1050 2878 lum&alios
1067 2820 1233 2888 deoacnluit,

206 2895 258 2973 qui
271 2893 320 2953 sub
331 2894 434 2953 montis
444 2890 534 2972 effigie
550 2889 714 2949 colebantur.
753 2891 830 2951 Nam
847 2892 1005 2971 Elagabalus
1021 2899 1060 2955 ita
1076 2897 1162 2957 dietus
1178 2896 1235 2966 est,

229 2972 283 3031 uasr
295 2982 370 3031 Deru
382 2990 467 3037 mom,
486 2969 530 3029 vel
542 2976 616 3031 Deru
629 2971 738 3035 montis,
757 2970 799 3027 uti
812 2970 871 3051 post
884 2970 1022 3032 Fullerum
1040 2974 1119 3033 docet
1131 2975 1236 3033 Salma-

204 2990 261 3107 lius
273 3050 306 3108 ad
317 3050 386 3109 Hist.
405 3050 450 3107 Au
491 3048 556 3105 llam
572 3072 581 3116 3
607 3050 681 3107 &ex
698 3050 855 3107 Herodiano
867 3048 1040 3127 nummisque
1055 3060 1148 3125 patet.
1172 3052 1235 3123 ejus

207 3125 382 3187 simulacrum
395 3126 454 3184 nihi
475 3126 548 3185 aliud
560 3124 638 3185 soille
649 3144 734 3202 quam
745 3124 844 3187 saxum
855 3128 955 3207 ingens.
974 3129 1039 3182 Huc
1049 3124 1164 3201 pertinet
1170 3128 1234 3185 Ma·

208 3216 251 3262 ter
261 3206 355 3262 Deum
368 3246 377 3270 ,
397 3204 440 3261 vel
453 3203 556 3280 Cybele
568 3243 577 3272 ,
596 3200 728 3282 quaefrro
740 3206 867 3263 montium
885 3212 947 3261 Deo
965 3212 1074 3259 vocatur
1086 3204 1233 3265 Maecenati

208 3280 278 3357 apud
291 3280 457 3339 Diomedem
470 3279 486 3337 l.
505 3299 528 3357 3.
543 3298 571 3355 p.
584 3296 649 3353 514.
666 3279 710 3338 vel
723 3283 788 3359 quia
799 3282 828 3339 in
841 3280 979 3339 montibus
990 3276 1062 3335 culta
1074 3316 1083 3343 ,
1109 3278 1153 3337 vel
1163 3282 1232 3360 quia

208 3356 275 3435 lapis
287 3356 413 3415 informis
424 3377 458 3416 ex
469 3368 565 3418 monte
577 3356 688 3417 excisus.
729 3359 868 3416 Atlantem
880 3352 950 3414 certi
958 3366 1123 3414 montemut
1135 3354 1232 3418 Deum

205 3430 319 3494 'coluisse
330 3436 446 3501 accolas,
465 3438 493 3493 dc
506 3434 709 3511 Cappadocibus
721 3448 846 3493 montem
861 3430 938 3490 fuisse
956 3442 998 3493 aot
1015 3438 1078 3502 loli,
1097 3448 1140 3499 aar
1153 3444 1231 3515 εμπ,

207 3520 252 3570 ul
265 3517 390 3589 lyam,
407 3509 499 3569 scribit
512 3515 587 3571 Marc.
606 3513 706 3589 Tyrius
724 3511 831 3570 Dissert.
851 3510 1007 3568 XXXVIII.
1026 3528 1111 3588 quam
1128 3515 1157 3571 in
1170 3532 1232 3571 rem

208 3586 286 3667 plura
298 3588 384 3647 notari
397 3590 522 3663 pollent,
541 3586 585 3647 sed
597 3590 686 3666 accipe
696 3587 834 3648 ocoelione
852 3589 944 3646 matris
962 3586 1046 3648 delam
1060 3590 1125 3649 duaa
1137 3609 1232 3648 emen-

209 3664 349 3731 dationes,
369 3684 434 3745 quas
452 3664 546 3741 judicii
566 3666 706 3726 trifario.
746 3666 841 3723 Strabo
861 3664 909 3725 lib.
931 3684 973 3723 ro.
984 3684 1025 3801 ‘ps
1037 3671 1114 3743 469,
1139 3664 1232 3725 scribit

210 3740 329 3822 Phrysses
340 3760 399 3802 etam
412 3740 428 3799 ri
439 3742 502 3800 loco
519 3751 620 3805 naalon
636 3762 748 3812 vocare3
766 3755 794 3801 at
810 3752 901 3807 ovain
914 3742 952 3802 est
963 3763 983 3801 u
1042 3745 1169 3811 AEtoiiae,
1188 3757 1231 3801 te·

212 3816 247 3875 ile
259 3819 436 3905 Stephano&
454 3819 563 3889 Statio,
583 3818 670 3880 scribo
687 3832 849 3903 quapropter
869 3828 1018 3889 aaronita,
1036 3821 1113 3900 quod
1124 3840 1229 3958 rpicpmen

1167 3911 1231 3957 illm
