2942 4634
352 206 1064 310 PRAEFn‘rto.

194 344 385 432 Dodwelli
394 341 664 428 Differmtione
678 340 1047 536 ΏοΙέἑγαδίνᾶμ,
1073 339 1238 428 curnis-

192 483 262 568 qne
276 454 462 539 similibus
478 481 567 567 quae
584 449 717 564 postea
723 453 950 565 inveniripo
979 475 1069 551 ent,
1094 459 1241 580 &qoa-

193 567 240 649 lnr
265 567 410 649 deinde
431 591 559 649 revera
587 563 814 674 prodierunt
841 563 991 646 Parisiis
1014 561 1240 647 eclarillrrni

194 677 384 760 Toinardi
418 677 552 775 Notael
576 675 616 755 in
650 673 821 759 nostrum
846 675 1049 770 libellum,
1092 698 1137 755 ac
1160 674 1241 756 do·

193 787 342 870 diffinis·
376 785 559 871 Ruinarti
592 783 775 868 Praefatio
809 786 849 867 in
890 787 989 869 Aea
1017 783 1241 898 Martyrum

182 893 368 1001 fircera,
394 897 491 981 sicut
507 897 589 994 ait,
616 903 658 978 &
669 895 845 1004 filebia,
871 923 950 979 non
965 897 1092 979 solum
1110 893 1242 1008 poste·

190 1008 265 1090 rior
282 1036 370 1120 pars
388 1008 499 1114 hujus
518 1005 698 1090 editionis
715 1005 932 1106 constaret,
960 1005 1026 1088 sed
1043 1005 1093 1092 ad
1110 1007 1217 1090 illam
1226 1065 1242 1106 ,

191 1119 318 1226 primo
326 1118 593 1216 locoeditam,
620 1143 665 1198 ea
681 1115 749 1200 suo
757 1117 894 1199 ordine
902 1118 1032 1202 debita
1060 1145 1109 1201 ue
1125 1119 1242 1201 ratio-

190 1254 234 1310 ne
240 1229 282 1310 in
292 1231 415 1342 priori
426 1253 537 1313 tomo
546 1225 681 1312 fierent
689 1255 778 1337 quae
789 1227 911 1312 Gallis
928 1148 1243 1340 singuiarinomi-

190 1365 235 1418 ne
250 1339 438 1425 dicuntur
461 1339 531 1422 des
555 1349 744 1424 renvori:
781 1337 890 1424 Vide
907 1367 997 1452 pag.
1013 1348 1088 1426 διε.
1123 1339 1242 1421 Adde

189 1475 278 1560 pag.
299 1457 377 1534 &n
414 1451 563 1562 Neque
580 1475 674 1536 vero
690 1475 762 1530 nos
778 1471 872 1532 tunc
886 1450 1075 1561 temporis
1090 1451 1242 1559 ignora·

190 1559 323 1644 bamus
332 1561 573 1671 quantainde
589 1559 724 1644 talium
733 1559 838 1670 segne
852 1557 1105 1672 postmodum
1122 1562 1245 1643 oritu-

189 1697 225 1750 ra
241 1671 354 1754 foret.
408 1672 488 1754 Sed
503 1692 641 1782 praeter
655 1699 775 1782 quam
792 1671 986 1782 quodjam
995 1671 1246 1784 proposuera-

189 1807 305 1880 mus,
334 1807 382 1863 ne
399 1782 513 1864 nimis
522 1779 613 1865 effer
630 1783 810 1866 aridaaut
825 1785 1066 1894 importuna,
1093 1779 1246 1893 aliquid
1283 1821 1286 1826 ·

188 1890 362 2003 semper,
389 1890 512 2004 siquis
530 1892 682 1976 daretur
698 1893 831 1993 locus,
856 1893 1115 2005 praemittere,
1139 1893 1247 1974 unde

189 2009 226 2084 &
245 2031 528 2114 nonnunquam
544 2003 629 2086 satis
658 2005 757 2088 levia
773 2003 960 2116 praeniilla
976 2003 1061 2086 sunt
1078 2063 1092 2102 ,
1118 2001 1246 2086 volui·

190 2141 277 2198 mus
303 2134 343 2197 te
358 2115 440 2196 cito
456 2141 500 2196 ac
518 2113 661 2211 facile,
689 2115 861 2223 priorem
876 2141 904 2193 o
974 2114 1005 2194 is
1023 2135 1172 2224 partem
1190 2111 1245 2194 le

190 2222 358 2334 gendo,
385 2222 494 2332 posse
518 2223 625 2306 verbi
643 2225 763 2331 gratia
787 2140 1070 2334 simulidtgere,
1104 2221 1244 2306 silibe-

188 2357 245 2418 tet
261 2355 408 2416 autres
425 2329 602 2443 posceret
621 2387 636 2428 ,
662 2330 869 2418 donorum
885 2331 932 2416 N
935 2355 1019 2418 otas
1034 2397 1054 2434 ,
1087 2363 1175 2446 quae
1192 2331 1244 2418 ad

188 2443 313 2528 libelli
328 2445 493 2540 seriem,
517 2443 584 2527 vel
605 2439 655 2524 nd
677 2443 815 2528 eadem
843 2444 1024 2530 Audoris
1046 2447 1133 2530 loca
1159 2445 1245 2558 spe.

190 2556 349 2640 darent.
402 2552 650 2638 Dostiffimns
671 2581 791 2667 porro
808 2553 1120 2654 observationes,
1146 2580 1245 2668 quas

192 2665 314 2749 hodie
356 2668 540 2779 primum,
562 2663 673 2748 simul
709 2665 891 2751 colenus
926 2665 1120 2764 edimus,
1162 2693 1245 2750 non

191 2779 268 2862 anti
300 2805 396 2860 uum
422 2775 547 2860 modo
571 2777 741 2889 pretium
767 2776 1049 2878 commendat,
1083 2775 1149 2859 sed
1165 2777 1245 2859 hoc

190 2915 283 3001 amp
304 2891 357 2970 'us
392 2883 461 3000 sup
532 2886 643 2969 ondii
668 2886 720 2970 de
745 2915 854 2972 novo
880 2885 930 2969 ad
953 2887 1036 2972 illas
1060 2887 1242 2987 accedit,

191 2997 336 3110 quod,
386 3020 431 3082 ut
456 3027 508 3082 vu
525 3023 580 3110 go
614 2999 746 3082 evenit
771 2999 812 3082 in
844 2997 1019 3082 secundis
1061 2999 1245 3082 editioni-

190 3105 290 3208 bus,
325 3107 406 3192 snas
439 3133 674 3300 magnoXere
705 3107 917 3193 doffiffimi
939 3109 1014 3193 viri
1038 3109 1243 3208 Baluzius,

190 3221 393 3332 cuperus,
420 3221 573 3304 Toinat
601 3247 668 3319 us,
695 3218 773 3304 sive
787 3248 891 3304 nova
904 3221 1148 3320 annotando,
1167 3209 1246 3306 five

190 3357 316 3418 vetera
332 3330 581 3417 reformando
599 3397 609 3429 ,
637 3331 714 3418 five
729 3329 900 3444 denique
915 3332 1024 3416 aliter
1039 3332 1245 3446 disponen-

191 3443 278 3542 do,
312 3464 430 3554 prout
456 3441 745 3528 conferentibus
771 3443 972 3554 liquebit,
1004 3443 1244 3536 adauxerint.

193 3557 368 3665 Quinam
401 3552 507 3638 enim
532 3553 607 3637 tibi
640 3581 746 3640 nunc
771 3555 910 3640 cunda
936 3555 1073 3644 melius
1098 3551 1246 3641 indica·

193 3677 347 3752 remus?
740 3778 863 3890 *η
1036 3725 1042 3736 ·
1116 3751 1130 3788 ο
1197 3778 1248 3876 ln

205 3953 240 4010 ,ο
257 3935 338 4036 Anno
356 3935 438 4010 ¹⁶90&

1137 4479 1183 4484 d.
1225 4310 1355 4484 [A
