2942 4634
244 287 267 347 6
389 256 743 344 Srrrnaur
791 265 1098 337 Bnnuzrr

195 398 198 405 ’
244 379 455 440 eruditiffimum
468 419 476 438 .
495 391 527 438 ut
538 378 666 438 Eusebius
675 379 735 444 ait,
752 373 777 442 lb
788 377 965 435 Constantino
983 373 1131 435 addudbum
1141 366 1219 426 fuisse
1231 365 1260 426 iu

245 455 359 522 Gallias,
378 469 410 512 ut
423 454 549 534 Crispum
567 456 701 514 imbueret
710 455 867 544 cognitione
885 453 999 512 historiar
1011 455 1040 510 δι
1050 462 1199 508 ceterarum
1209 445 1260 503 bo-

245 550 345 591 mrum
355 533 500 592 hammum
539 535 574 590 Et
583 533 696 612 quidem
707 527 786 590 factld
799 531 921 590 alsmtior
932 527 1091 590 douiffimia
1101 523 1164 583 viria
1175 521 1259 580 Chri·

246 607 375 684 stophoro
393 612 523 668 Browero
536 613 564 668 δε
579 610 690 689 AEgidio
702 609 855 670 Eucherio,
883 608 931 686 qui
949 620 1077 684 tanquam
1088 620 1147 660 rem
1158 612 1261 657 certam

247 686 531 744 traduntLadantium
537 687 655 744 Treviris
665 685 829 745 senectutem
841 697 992 742 extremam
1004 680 1084 761 egisse
1096 695 1183 758 quum
1194 693 1256 734 eru·

246 761 346 819 diendo
358 762 453 838 Crispo
463 763 535 820 daret
546 781 670 840 operam,
689 767 718 822 dt
729 763 776 820 hic
788 761 965 820 verisimiliter
976 757 1214 816 librosdivinarum
1219 751 1262 809 in·

246 837 420 903 stitutionum
432 839 464 898 ad
478 839 685 898 Constantinum
696 843 889 916 Imperatorem
901 834 1072 896 contexuisse.
1098 834 1137 889 At
1148 827 1263 888 Chifflee

247 914 314 975 tius,
332 913 445 974 honesto
457 920 484 974 ἃ
498 918 596 974 decoro
607 918 698 996 patriae
709 935 802 974 amore
812 915 908 974 duetus
920 957 929 981 ,
947 913 1021 970 hunc
1039 911 1176 968 honorem
1187 922 1262 983 aqua

157 994 161 1005 ’
246 989 323 1050 lanoe
331 994 444 1065 partitur
456 994 526 1050 inter
538 996 704 1056 Treviros&
716 991 946 1052 Vesontionenses.
968 989 1004 1047 stc
1015 987 1148 1046 Eucherio
1166 1000 1262 1041 conct-

246 1065 311 1126 dens
325 1068 451 1145 Crispum
462 1071 579 1127 Treviris
588 1067 747 1129 erudituma
755 1069 894 1126 lasbrntio
905 1066 981 1128 fuisse
987 1077 1019 1122 ut
1024 1065 1051 1121 id
1056 1078 1149 1121 tamen
1158 1059 1263 1117 fadbum

246 1143 314 1201 velit
325 1145 408 1203 etiarn
420 1145 593 1206 vesontione.
636 1147 688 1204 Sed
698 1147 852 1220 mnjedbura
863 1144 908 1202 illa
918 1141 1026 1202 nullum
1038 1140 1154 1196 omnino
1167 1135 1263 1193 funda-

248 1233 376 1307 mentum
390 1222 471 1279 habet
481 1237 575 1298 prater
585 1225 685 1284 bonam
698 1222 834 1282 clariffimi
846 1226 874 1281 δε
886 1219 985 1299 optimi
996 1217 1048 1276 viri
1059 1215 1263 1298 voluntatem&-

247 1295 452 1371 ¹¹¹Chss2tionem
470 1299 500 1358 in
517 1299 577 1359 suoc
594 1298 821 1358 vesontionensem
859 1295 989 1356 Ceterum
1015 1292 1184 1350 ladlantium
1202 1287 1265 1344 ahbt

248 1369 334 1450 quam
352 1374 382 1462 ³.ss
398 1376 515 1465 imperia
533 1378 629 1436 Licinn
648 1377 725 1438 fune
736 1395 824 1454 quum
836 1376 858 1432 ts
870 1370 1105 1457 reiigioncnnj
1123 1360 1265 1424 mannent

249 1603 343 1667 malls»
363 1605 466 1682 lnquit,
484 1610 530 1684 qai
539 1608 626 1667 adhuc
635 1604 843 1687 adoerslnjustos
855 1608 883 1662 in
893 1604 952 1662 aliia
962 1617 1093 1658 terrarum
1100 1593 1217 1673 partebus
1216 1593 1267 1668 sa.

251 1680 349 1742 '‘dun‘’
367 1697 463 1758 quanto
473 1678 578 1758 serila,
596 1698 670 1740 tanto
686 1678 861 1742 vehemmtilu
879 1682 947 1742 ilem
964 1677 1113 1752 armipotens
1125 1673 1266 1732 mercum

244 1754 350 1846 ficietis
360 1757 481 1834 castiora.
521 1759 614 1834 coepit
626 1771 718 1816 autem
730 1760 848 1818 Licinius
860 1757 947 1833 aperte
960 1751 1049 1810 saevire
1060 1749 1088 1808 in
1101 1746 1267 1823 Christianus

178 1831 184 1844 ’
250 1849 323 1893 anno
335 1850 442 1890 cccxx.
462 1845 493 1890 ut
504 1834 581 1904 certis
591 1835 756 1914 argumentis
766 1835 938 1894 ostenderunt
949 1830 998 1888 viri
1010 1825 1165 1888 dodilsrmi.
1201 1825 1264 1879 Un-

251 1907 287 1967 de
298 1908 390 1988 c⁰lligl
402 1909 488 1986 potest
500 1910 670 1968 laetantium
680 1911 936 1987 adhuceotempore
941 1909 969 1966 in
975 1904 1100 1964 humanis
1105 1899 1191 1959 fuisse.
1211 1899 1268 1955 lm·

252 2002 304 2053 11¹⁰
315 1985 386 2051 ultra
394 1985 469 2044 hunc
479 2004 580 2044 annum
593 2007 657 2048 eum
667 1987 821 2066 produxille
835 1999 941 2043 aetatem
953 1985 1048 2042 docere
1061 1978 1227 2062 ipse-videtur
1239 1975 1268 2034 in

252 2057 308 2121 fine
319 2061 381 2120 libri
391 2062 479 2140 quarti
489 2063 641 2122 divinarum
652 2063 870 2129 institutionum,
888 2062 935 2120 ubi
948 2062 1018 2118 inter
1036 2058 1119 2116 varias
1130 2055 1269 2112 haerettco-

251 2155 318 2198 rum
328 2139 409 2196 sedhs
419 2153 541 2198 numerat
552 2142 634 2199 etiam
646 2141 780 2198 Attianos.
820 2141 896 2198 Nam
908 2132 973 2196 edm
985 2135 1025 2194 illi
1036 2131 1115 2210 plene?
1135 2131 1195 2188 orbi
1208 2128 1268 2186 uni·

252 2213 330 2270 ’Ἠῶ
342 2234 398 2272 ¹¹⁰⁰
410 2216 574 2281 innotuerint
584 2216 634 2275 nisi
645 2217 704 2293 post
715 2216 836 2276 habitam
855 2213 996 2293 synodum
1016 2213 1172 2272 Nicaenam,
1191 2221 1269 2282 appa-

251 2303 295 2350 πῖ
307 2292 479 2351 Lactantium
490 2293 654 2371 superstitem
666 2291 936 2370 huicsynodofnilsc.
957 2287 1086 2347 siveraest
1097 2286 1185 2344 lectio.
1206 2282 1268 2368 Scio

252 2366 344 2422 virum
356 2368 531 2429 clarissimum
543 2376 570 2430 bt
581 2370 791 2430 eruditissimum
797 2367 961 2428 Micha'e'lem
968 2357 1270 2423 Thomaliurnsullultl·

251 2439 280 2505 se
291 2441 325 2498 ab
335 2460 369 2500 eo
378 2443 441 2501 loco
452 2465 553 2505 nomen
565 2449 742 2508 Arrianorum
754 2447 782 2504 in
794 2465 824 2504 ea
835 2463 918 2525 quam
924 2443 1026 2500 curavit
1033 2439 1270 2498 Ladantianorum
1384 2442 1388 2459 ¹

253 2534 368 2604 operum
380 2519 516 2586 editione,
535 2525 565 2580 dc
573 2523 693 2581 habuisse
704 2524 839 2585 sententiae
851 2524 903 2579 luae
913 2516 1112 2598 suffragatorem
1118 2512 1171 2602 Jos
1198 2509 1269 2568 hum

252 2593 358 2655 Istum·
397 2597 448 2653 Sed
461 2593 527 2652 clm
539 2597 579 2652 illi
590 2615 689 2671 paucm
699 2613 799 2657 veteres
809 2601 892 2658 libros
902 2597 1014 2654 habeant
1025 2593 1098 2652 istius
1108 2595 1160 2650 luae
1176 2601 1271 2646 enten-

252 2669 299 2733 tiae
310 2668 444 2727 assertores
454 2674 484 2729 br
495 2671 624 2735 vindices,
644 2677 673 2730 δι
684 2675 717 2731 cle
728 2693 829 2732 novem
841 2673 974 2732 Vaticanis
985 2669 1095 2731 duobus
1107 2665 1271 2726 ueVallicel·
1384 2682 1389 2727 t

252 2745 320 2808 lanae
333 2745 517 2810 bibliotheca,
535 2745 609 2827 qubd
620 2747 688 2806 hanc
698 2749 844 2807 clausulam
856 2751 985 2814 habeant,
1005 2747 1088 2808 fidem
1169 2755 1196 2802 et
1209 2741 1271 2800 illu
1389 2803 1390 2812 ,

252 2822 393 2892 llriffimus
404 2825 551 2883 Cardinalis
561 2825 703 2891 Batonius,
722 2821 789 2914 cum
794 2823 889 2884 scirem
894 2839 1020 2914 praeterea
1026 2843 1113 2883 unum
1119 2819 1272 2908 bononien·

253 2899 325 2970 sem,
345 2919 429 2982 quem
442 2906 470 2960 δι
480 2901 643 2962 Thomafius
653 2907 682 2962 δι
694 2906 804 2960 Latmus
816 2906 935 2962 Latinum
948 2903 1092 2967 viderunt,
1112 2913 1174 2957 tum
1186 2909 1270 2956 etum

255 2992 374 3056 quatuor
387 2977 556 3038 bibliothecae
568 2979 668 3059 regiae,
687 2979 733 3038 sex
752 2981 940 3042 Colbertinos.
961 2983 990 3040 δι
1008 2992 1107 3036 veteres
1124 2973 1268 3038 edicone.

135 3103 139 3110 .
255 3075 297 3114 eas
308 3055 441 3113 nimirum
446 3075 507 3134 quae
512 3055 721 3116 Thomafianam
732 3059 937 3124 antecesserunt,
956 3053 1021 3114 cum
1027 3053 1131 3114 scirem,
1144 3049 1267 3127 inquam,

256 3143 303 3188 tot
314 3145 414 3192 veteres
425 3134 528 3194 codices
540 3135 709 3195 &editiones
719 3137 889 3198 mentionem
908 3133 968 3190 heic
978 3131 1063 3189 facere
1073 3127 1267 3190 Atrianorum,

256 3210 286 3266 dt
297 3226 379 3284 pauca
390 3211 540 3275 admodum
552 3211 712 3290 exemplaria
723 3225 813 3270 vetera
842 3209 934 3268 rofeni
946 3205 1082 3286 inquibus
1100 3204 1154 3262 hoc
1165 3219 1270 3261 nomeu

255 3231 988 3372 pontatetptaemultitudineeommquaeilludbabent,
1008 3301 1065 3340 non
1076 3281 1177 3342 inritus
1186 3279 1271 3338 allen·

256 3362 341 3420 trebar
350 3364 439 3428 eidem
447 3367 562 3424 baronio
567 3366 745 3424 Thomasrum
753 3361 952 3440 reprehendenti
957 3355 1031 3438 qubd
1038 3373 1131 3418 contra
1141 3356 1273 3418 omnium

255 3435 313 3499 aere*
328 3455 450 3500 veterum
463 3443 658 3520 exemplarium
669 3447 696 3502 δι
707 3441 858 3500 editionum
870 3437 952 3498 fidem
958 3449 1067 3497 textum
1074 3436 1205 3496 lactantii
1211 3455 1272 3494 cor·

257 3518 373 3592 ruperit.
392 3520 465 3577 nulla
476 3521 520 3578 vel
531 3520 584 3577 levi
595 3519 683 3581 addita
693 3519 795 3576 ratione
807 3537 854 3577 cur
865 3518 892 3576 id
905 3515 1012 3575 fecisset.
1038 3516 1182 3582 Sednnm,
1201 3511 1270 3571 dum

256 3611 369 3661 mecum
379 3609 470 3671 repeto
481 3597 585 3654 codices
614 3597 642 3653 ui
653 3597 778 3654 Arrianus
783 3593 958 3654 commiscent
964 3593 1093 3652 haereticis
1105 3591 1120 3650 al
1132 3591 1271 3650 ladantio

257 3673 479 3730 commemoratis
498 3692 554 3730 non
606 3693 622 3730 e
639 3672 788 3730 admodum
801 3685 921 3732 veteres.
946 3671 1016 3730 duos
1024 3667 1091 3728 verb
1101 3669 1272 3728 bibliothecae

256 3749 336 3836 regiae
355 3747 470 3824 signatos
483 3767 561 3826 3735.
572 3753 601 3807 θ’.
615 3754 692 3827 3736.
710 3747 772 3808 sant
792 3747 979 3828 vetustiflimos
997 3751 1026 3808 δι
1044 3747 1185 3825 optimos,
1208 3759 1271 3802 tum

257 3837 340 3900 ettam
351 3825 558 3896 vetustiffmium
575 3825 654 3898 illurn
674 3828 869 3890 Bononienstm
880 3844 939 3913 quo
956 3823 1122 3890 Thomafius
1133 3823 1274 3969 uteppntprn:
