2942 4634
336 288 509 357 Noun
557 304 624 353 an
672 282 1084 359 Lscrnuriusi·
1168 313 1212 383 71

173 416 180 451 ι’
201 405 264 463 nius
274 402 358 461 fastus
368 399 457 459 fuiil'et
468 402 511 457 lm
583 379 616 455 oi
627 415 699 484 mun
710 395 853 473 superiore.
890 398 941 457 Ista
958 400 1070 495 guidem
1083 418 1217 481 magnum

201 494 377 541 momentum
390 478 486 535 hibere
541 475 595 533 tiiii
607 472 741 531 videntur.
782 472 833 531 Sed
853 474 976 551 profedto
989 478 1009 535 si
1021 478 1218 539 consideremus

200 559 300 617 statum
312 556 462 634 reipublioae
475 552 546 611 illius
557 550 707 627 temporis,
728 552 869 631 ingenium
880 553 980 610 Galerii
992 553 1070 631 ferox
1083 594 1092 621 ,
1112 556 1216 613 iracun-

198 636 283 699 dum,
300 653 436 711 praeceps,
454 634 483 689 &
497 628 641 707 superbum
654 668 664 692 ‚
682 628 881 687 instabilitatem
893 633 921 687 &
931 628 1071 703 perfidiam
1084 651 1114 689 ac
1127 632 1218 691 [ηοω.

198 711 304 781 litatem
314 708 436 769 Herculii
442 748 457 781 ‚,
475 703 608 796 quassanti
622 706 687 763 vitia
698 706 802 783 semper
820 722 866 761 eos
885 708 1048 781 praecipitant
1064 710 1162 787 quibus
1175 710 1220 768 in·

196 788 316 852 luerent,
335 791 399 865 quia
408 787 437 844 iu
448 784 546 843 animis
556 781 705 840 hominum
721 782 876 859 potentiora
887 783 1029 841 virtutibus
1039 785 1115 847 sunt,
1135 800 1166 843 ut
1179 789 1217 843 nit

197 864 352 924 inhiantius
362 865 392 923 in
402 862 472 920 libro
483 862 575 951 primo
586 860 738 917 divinarum
752 859 952 919 institutionum
966 898 975 925 ‚
995 859 1072 919 facile
1085 863 1218 941 intellige·

83 990 94 1010 ,
195 960 261 998 mus
273 960 374 1018 eaquae
390 941 481 1017 prinio
501 939 602 996 intuitu
621 932 677 994 fere
695 934 867 1012 impossibilis
886 937 1030 999 videntur.
1050 936 1106 997 sieri
1125 954 1218 998 tamen

195 1018 316 1093 potuine
326 1018 359 1075 ab
369 1016 527 1075 hominibus
537 1014 663 1093 inquietis
674 1017 703 1073 δι
715 1012 859 1071 summum
871 1012 1017 1091 imperinm
1038 1017 1151 1075 retinere
1169 1036 1217 1075 cu·

214 1095 339 1153 tentibus.
378 1096 469 1159 Nam,
487 1092 607 1168 exempli
617 1092 717 1169 giatia,
736 1090 894 1167 illyricum,
916 1090 961 1149 ubi
980 1086 1102 1149 Gale'rius
1115 1092 1217 1151 habiti-

193 1112 257 1234 επ,
276 1172 359 1237 ltaliae
369 1172 470 1246 adjacet
483 1193 492 1235 3
511 1172 630 1245 adeoque
643 1164 720 1225 facile
734 1166 774 1223 illi
787 1164 840 1223 fuit
851 1168 880 1227 in
893 1168 996 1227 ltaliam
1011 1169 1102 1229 venire
1114 1173 1144 1227 dt
1153 1170 1217 1229 dein

192 1249 320 1306 recedere
337 1287 347 1311 ‚
366 1248 450 1305 etiam
468 1265 535 1304 cum
552 1242 691 1309 exercitu,
717 1245 787 1301 intra
798 1243 872 1313 ¹illud
892 1244 935 1301 sex
952 1244 1087 1303 menlium
1100 1244 1216 1321 spatium

193 1326 272 1401 quod
286 1324 420 1390 diximum
439 1321 585 1399 praesertim
598 1315 664 1377 edm
675 1339 710 1377 ex
723 1318 838 1377 Zofimo
849 1325 877 1379 &
886 1322 997 1379 austore
1016 1321 1160 1401 fragmenti
1182 1324 1216 1381 de

193 1401 358 1459 Constantio
372 1399 477 1457 Chloen
488 1396 668 1475 intelligamus
681 1397 760 1455 illum
773 1415 806 1453 ex
820 1397 893 1455 ltalia
904 1396 1039 1457 disceffiise
1051 1398 1127 1459 nullo
1139 1418 1217 1457 com·

193 1476 278 1534 millo
292 1478 400 1554 praelio,
419 1476 475 1534 lioc
485 1475 536 1541 est,
559 1493 670 1552 parvam
680 1474 738 1549 ejus
750 1474 778 1531 in
788 1473 977 1531 ltaliamoiam
990 1474 1074 1533 fuisse.
1114 1478 1217 1534 Hercu·

191 1551 264 1611 lium
279 1552 359 1617 vero,
379 1554 510 1629 cupidum
523 1551 645 1629 imperii,
662 1553 740 1628 quod
753 1550 852 1607 inritus
864 1550 1021 1627 deposuerat
1032 1592 1041 1614 .
1061 1552 1121 1630 quis
1133 1555 1216 1611 mire-

187 1641 238 1687 tur
249 1644 328 1689 tanta
342 1629 475 1689 celeritate
486 1642 530 1687 tot
542 1628 637 1686 itinera
648 1626 737 1686 feciffe
750 1668 759 1693 ,
779 1647 862 1706 quem
874 1628 990 1688 dubium
1003 1648 1059 1689 non
1071 1629 1107 1688 est
1120 1628 1165 1687 illa
1177 1627 1216 1687 fe-

191 1706 253 1765 ciffe
266 1708 371 1782 abjecta
387 1708 467 1766 omni
485 1706 656 1767 mactatione
674 1725 705 1763 ac
724 1706 869 1763 tarditate?
890 1706 1013 1765 Solvebat
1026 1704 1042 1765 ii
1055 1708 1165 1771 Roma,
1187 1709 1217 1765 dt

191 1802 268 1841 mare
280 1786 427 1859 trajiciens,
446 1778 514 1842 clim
525 1782 669 1841 Maffiliam
680 1782 852 1859 pervenilset.
873 1780 928 1839 cito
940 1784 973 1841 ad
983 1784 1133 1872 Augustam
1147 1788 1215 1839 Tre-

191 1860 340 1927 virorum,
361 1863 406 1920 ubi
424 1861 498 1919 sedes
513 1875 570 1918 erat
589 1860 766 1919 Constantini.
806 1859 877 1937 Qae
895 1860 987 1919 omnia
1006 1862 1100 1919 itinera
1119 1858 1217 1917 confici

190 1934 319 2010 profecto
331 1939 439 2013 poliunt
451 1940 521 1996 intra
530 1936 653 1997 mensem
664 1936 697 1995 ab
710 1937 824 1995 homine
835 1936 966 2015 diligenti.
993 1938 1085 1997 l’ostea
1096 1935 1216 2012 aliquan-

191 2025 224 2069 to
236 2026 363 2087 tempore
375 2017 446 2089 apud
457 2014 666 2075 Constantinum
685 2014 738 2072 fuit
757 2012 896 2073 occasione
916 2015 1082 2089 nuptiarum.
1123 2010 1218 2069 Mense

192 2087 259 2145 dein
270 2088 356 2146 altero
369 2091 395 2145 ei
407 2109 474 2165 opus
484 2089 537 2147 fuit
549 2094 582 2150 ad
593 2092 763 2151 redeundum
776 2092 806 2147 in
817 2089 935 2152 Italiam,
957 2090 1028 2147 unde
1039 2086 1115 2146 brevi
1128 2086 1217 2162 pulsus

193 2164 240 2220 est.
282 2164 360 2224 Adde
372 2165 456 2222 alium
463 2164 583 2222 mensem
595 2185 646 2239 pro
664 2166 778 2223 secunda
796 2163 963 2238 professione
982 2164 1009 2221 in
1028 2161 1148 2226 Gallias,
1169 2162 1216 2219 ubi

195 2258 254 2296 nou
265 2236 389 2297 multum
402 2253 525 2298 moratus
534 2239 571 2295 est
585 2278 595 2303 ,
614 2244 643 2298 δι
654 2238 777 2296 mensem
788 2256 838 2313 pro
850 2239 943 2295 itinere
955 2239 988 2297 ab
1008 2236 1127 2315 Augusta
1146 2240 1216 2295 Tre·

192 2316 320 2375 virorum
332 2317 460 2395 usquead
473 2316 645 2375 Carnuntum
657 2314 687 2374 in
699 2314 843 2371 Pannonia.
883 2316 957 2371 Patet
971 2316 1026 2389 jam
1039 2326 1131 2388 totum
1143 2313 1217 2373 hunc

193 2412 343 2451 numerum
356 2394 492 2455 menlium
510 2392 569 2451 satis
587 2412 621 2451 co
674 2409 737 2449 uere
755 2388 773 2446 s
799 2390 840 2446 tio
859 2392 987 2467 temporis
1006 2390 1079 2469 quod
1098 2390 1179 2449 fluxit
1200 2387 1216 2449 ὲ

193 2485 285 2529 morte
296 2473 387 2529 Severi
407 2474 486 2546 (uam
497 2483 560 2529 tum
570 2470 642 2545 prim
673 2472 732 2527 Her
779 2468 818 2525 'us
830 2465 857 2525 in
869 2466 984 2529 Galliam
996 2467 1131 2545 professus
1149 2468 1186 2525 est
1193 2468 1208 2539 )

195 2546 280 2623 usque
292 2548 325 2605 ad
336 2550 411 2609 diem
421 2550 535 2609 tertium
547 2546 608 2603 Idus
620 2544 787 2603 Novembris
799 2584 808 2609 ‚
826 2545 937 2623 quodie
950 2547 1068 2607 Licinius
1080 2544 1164 2604 ladius
1176 2544 1215 2603 est

192 2622 351 2698 Imperator.
389 2628 483 2681 linmo
495 2621 612 2697 suspicor
624 2626 753 2681 &verum
764 2622 812 2681 diu
831 2636 891 2681 ante
905 2623 1035 2683 Kaleiidm
1044 2624 1128 2697 Maias
1140 2623 1213 2681 occi-

192 2696 256 2757 sum
268 2699 321 2767 else
334 2741 343 2765 ,
362 2700 495 2760 nimirum
514 2696 606 2757 mense
625 2700 774 2758 Februario.
814 2700 889 2757 Nam
907 2700 935 2759 in
948 2702 1031 2763 veteri
1051 2698 1213 2757 Kalendasio

192 2776 269 2851 quod
282 2780 441 2834 Hermastus
452 2775 555 2839 edidit,
574 2776 668 2835 unalis
678 2776 847 2835 Constantini
858 2788 967 2837 notatur
979 2776 1065 2854 pridie
1084 2778 1215 2835 Kalendas

192 2853 308 2928 Apriles.
348 2854 435 2943 Qud
447 2870 533 2941 quum
544 2853 578 2910 de
589 2853 635 2912 die
644 2873 702 2931 quo
713 2854 798 2943 fedius
809 2854 851 2942 sil¹
859 2852 945 2943 Caesar
957 2852 1122 2942 interpretari
1134 2852 1214 2943 debe7

192 2926 1215 3092 2⁶.ll?llsillilllllll.l.itssssllfflll‘ltgilllflill

194 3084 305 3155 quidem
318 3082 433 3143 eveiiiile
443 3100 516 3141 anno
528 3100 653 3145 cccvii.
666 3080 775 3147 nullus,
795 3094 826 3138 ut
844 3082 941 3157 opinor
954 3122 964 3148 ,
982 3080 1122 3142 dubitandi
1139 3080 1214 3139 locus

197 3156 246 3213 ose
263 3161 358 3237 potest.
397 3162 492 3238 ltaque
509 3159 530 3217 fi
546 3158 729 3217 Maximianus
747 3168 864 3217 exeunte
882 3160 984 3217 Martio
1003 3156 1212 3218 Constantinum

196 3230 265 3290 dixit
276 3238 445 3317 Auguilum,
463 3238 521 3312 jam
533 3256 584 3313 pto
597 3234 642 3294 sex
654 3234 805 3300 mensibus,
823 3252 892 3311 quos
904 3236 936 3293 ab
947 3236 1022 3295 exim
1029 3234 1118 3293 Severi
1130 3232 1214 3314 usque

198 3306 230 3365 τᾶ
248 3311 391 3388 imperium
411 3315 509 3374 Licinii
529 3314 755 3375 numerabamus,
780 3310 911 3371 habemus
928 3310 983 3372 fere
1004 3330 1124 3372 novem.
1144 3312 1215 3371 intra

197 3399 266 3457 ‘1¹¹⁰⁶
276 3392 382 3469 utrique
392 3392 564 3451 Maximiano
576 3388 652 3451 facile
664 3389 718 3449 fuit
729 3389 780 3449 hos
792 3388 1036 3465 cursus&liasper
1084 3388 1215 3447 insitiones
1310 3400 1313 3405 '

199 3460 329 3545 Qnficere
340 3470 373 3527 de
382 3470 480 3545 quibus
490 3482 565 3527 antea
577 3468 705 3527 diximus.
745 3463 830 3525 Ροπὸ
841 3469 957 3525 natalem
976 3468 1039 3525 Con
1095 3467 1146 3523 tini
1159 3467 1215 3543 pri-

199 3534 243 3624 dlt
255 3542 383 3603 Kalendas
395 3547 497 3620 Apriles
509 3566 566 3604 non
577 3544 651 3621 posse
661 3544 755 3603 referri
768 3544 802 3603 ad
819 3544 893 3603 dien
913 3564 969 3624 quo
981 3542 1066 3603 fidius
1078 3542 1115 3603 est
1127 3541 1215 3602 Cesar

199 3608 343 3700 hueputo
354 3619 445 3699 colligi
455 3620 530 3700 qudd
541 3634 587 3681 aut
600 3622 685 3681 fanus
696 3621 750 3679 fuit
768 3618 857 3679 Caesar
875 3640 940 3681 cuin
959 3624 1058 3681 Severo
1068 3624 1104 3695 y&
1122 3620 1215 3679 Maxi-

200 3706 292 3758 Μ),
310 3706 357 3755 aut
366 3716 455 3792 guum
466 3698 622 3776 pervenisset
634 3698 666 3763 ad
677 3712 797 3775 patrem,
815 3710 863 3757 aut
869 3696 942 3759 oertd
954 3718 1040 3777 quum
1047 3698 1134 3757 Caesar
1145 3717 1216 3756 nun-

200 3782 308 3843 OEpttus
319 3774 357 3834 est
369 3794 386 3832 ι
396 3778 514 3835 Galerio.
540 3776 628 3867 Atqui
633 3778 696 3865 jam
706 3774 871 3837 ostendimus
883 3776 986 3835 fastum
997 3796 1054 3836 non
1066 3774 1144 3833 fuiffe
1156 3776 1217 3831 Coe·

198 3839 283 3910 sarem
295 3868 361 3913 cum
373 3854 472 3935 Seseio
484 3856 514 3917 ds
524 3856 686 3938 Maximino.
699 3852 815 4005 1de
832 3854 973 3917 tamenetfi
991 3852 1096 3917 foetum
1107 3850 1217 3986 affici}

409 3955 413 3960 '
736 3950 750 3990 θ
