2942 4634
314 289 499 362 Noun
548 305 607 355 iu
664 276 1072 354 Lac'aauniuiil
1154 276 1221 371 249

179 406 356 472 nbupubiieii,
374 392 560 455 telieSuidain
573 412 600 451 V.
620 391 833 463 ''Emaituei‘eplet‚
850 389 1006 465 &Appenil
1028 391 1114 449 Vallo
1136 392 1220 453 Cent.

183 494 209 531 i.
218 477 304 531 Prov.
320 492 364 550 75.
385 475 419 531 Et
433 470 571 547 bestiariis,
590 469 636 527 vel
648 467 682 525 ad
698 463 791 523 bestias
803 464 935 523 damnatis
942 506 951 532 ,
971 468 1062 525 datam
1075 467 1152 527 fuisse
1168 490 1219 528 εω-

182 568 251 607 nam
258 551 384 615 liberem,
404 566 504 625 eosque
515 548 601 625 pridie
613 558 758 621 antequam
770 556 934 619 pugnarent,
955 542 1100 603 lautissime
1111 564 1220 607 conare

182 626 370 692 consuevisse,
390 640 462 703 patet
474 644 507 682 ex
522 623 641 683 Passione
653 626 696 679 SS.
713 624 787 694 Peip.
796 618 989 689 &Felicitatis;
1009 641 1058 681 nec
1070 641 1127 683 non
1137 643 1172 685 ex
1187 626 1221 683 iis

182 722 250 782 quae
266 707 296 763 in
310 701 470 761 Praefatione
485 713 580 759 monet
593 704 676 759 Heni.
697 696 836 760 Valesius,
855 698 897 755 uit
907 696 1103 758 celeberrimus·
1143 702 1222 837 ffiin

185 786 217 841 δι
230 781 290 838 huc
304 780 409 840 videtur
422 780 555 856 pertinere
567 778 683 837 militare
690 775 854 850 prandium.
869 776 969 831 dissum
981 778 1015 833 eb
1027 796 1054 835 eo
1070 778 1139 855 quod
1183 782 1224 837 'i-

184 874 224 916 tes
238 860 279 916 ad
293 858 387 915 besum
409 860 421 931 s
429 856 456 913 id
470 857 522 922 est,
542 855 684 933 praelium)
704 864 793 928 peret.
813 849 878 907 teste
891 851 1014 911 Pollione
1026 855 1053 911 in
1065 854 1204 913 Gallienis.

230 935 393 991 candidatis
405 933 523 1009 ministris
533 934 582 1007 .,..]
607 935 695 1009 Lego.
716 948 775 986 cum
786 929 941 985 candidatu.
980 932 1013 987 ln
1034 930 1091 989 aliis
1102 932 1225 1011 alioquin

189 1010 328 1089 loquendi
341 1009 479 1074 formulis.
501 1009 572 1067 illius
586 1010 670 1065 aetatis
680 1004 852 1082 scriptoribus
863 1006 1003 1063 omittitur
1021 1007 1078 1065 haec
1088 1010 1225 1085 particula.

189 1092 227 1146 A.
237 1087 358 1146 Marcell.
377 1105 417 1158 15.
431 1104 457 1158 4.
478 1088 593 1162 congredi
607 1086 724 1143 barbani
736 1084 823 1147 dixit,
841 1082 884 1139 uti
895 1085 982 1142 doceo
995 1084 1029 1143 ad
1040 1104 1095 1162 cap.
1113 1090 1154 1145 18.
1174 1086 1227 1145 Sed

189 1166 261 1245 quia
275 1164 415 1221 Ammiani
429 1167 551 1229 mentio,
572 1181 662 1221 nonne
673 1161 744 1238 apud
758 1160 874 1217 eundem
892 1180 932 1235 15.
948 1181 973 1235 7.
993 1164 1032 1221 ed
1043 1165 1226 1222 deremendum

189 1260 248 1321 pio
260 1242 298 1297 ad
309 1242 455 1299 amandum
467 1238 639 1297 scribendum
651 1240 706 1297 est?
730 1246 764 1294 in
777 1237 936 1314 disceptando
943 1238 1109 1319 jussiffimus.
1127 1258 1228 1300 natura

191 1316 350 1377 benevolus:
371 1316 431 1374 licet
445 1317 608 1375 eusloriteiie
620 1318 698 1393 causa
704 1315 840 1390 servande
851 1334 909 1372 acer
919 1316 1075 1395 quibusdam
1085 1318 1228 1375 videbatur

193 1392 234 1466 ό·
246 1392 386 1450 inclinatae
397 1396 434 1452 ad
444 1394 599 1452 amandum
638 1392 711 1451 Mihi
728 1405 800 1449 certe
812 1391 879 1449 illud
901 1396 1026 1471 videtu,
1050 1394 1114 1473 quia
1129 1398 1229 1453 acer&
1351 1419 1353 1426 ’

193 1487 271 1528 amer
284 1490 339 1526 non
352 1470 421 1529 bene
432 1470 477 1529 hic
494 1472 685 1539 conveniunt3
707 1474 783 1527 &ex
796 1470 892 1528 eodem
915 1472 1001 1544 capite
1020 1472 1122 1529 constat
1140 1476 1229 1530 leon·
1266 1516 1269 1519 .

193 1548 273 1627 tium
286 1545 382 1625 absque
397 1549 482 1617 moris
492 1550 618 1607 hominm
633 1547 770 1606 damnasse
782 1569 791 1613 3
811 1546 934 1623 hancque
951 1546 1168 1607 emendationem
1182 1567 1230 1607 ne·

147 1623 150 1627 ’
195 1624 335 1684 cessariam
349 1628 376 1685 ἂ
389 1642 481 1683 veram
493 1626 628 1698 judicabat
640 1624 809 1683 Clarissimus
823 1623 985 1683 Columbus.

240 1704 398 1759 Candidati
412 1702 532 1780 ministris
541 1704 589 1777 ...]
611 1707 652 1763 lta
659 1702 759 1763 scilicet
771 1700 859 1761 fideles
867 1702 896 1757 in
902 1701 1078 1779 Apocalypsi,
1095 1700 1231 1781 alibique,

196 1778 282 1855 idque
293 1782 400 1854 optimo
412 1784 514 1839 meiito
529 1781 695 1845 vestiuntur,
714 1782 747 1838 ad
759 1777 929 1837 indicandam
949 1779 1013 1836 vitae
1032 1781 1179 1856 puritatem
1191 1794 1232 1838 at·

200 1872 257 1951 que
270 1856 461 1990 integgqtatem.
473 1858 716 1993 ΙΙῐὶζιιάοιιτἈΗγιιη.
734 1867 933 1994 iidmpqgreqbv.
949 1862 994 1930 67.

335 1931 856 2090 nelsrsasrllrlsss'asslbrssdalblat
870 1952 982 2089 §isaurios
997 2012 1063 2069 ileos.

245 2083 376 2158 Chiijium
385 2088 497 2160 subinde
509 2095 641 2168 deprecans
695 2092 708 2164 ]
730 2090 807 2145 Idem
813 2089 895 2145 tradit
901 2088 995 2145 Euseb.
1008 2107 1034 2159 9,
1047 2107 1087 2144 io.
1095 2098 1232 2144 extremui

204 2159 308 2237 insigne
321 2172 412 2216 autem
426 2162 478 2219 hoc
491 2168 649 2239 exemplum
655 2184 704 2221 nos
710 2167 807 2226 docet,
826 2162 1019 2220 conscientiam
1024 2162 1232 2221 saeviffimorum

165 2244 169 2250 '
205 2236 290 2293 etiam
304 2234 528 2323 persequutorum
540 2252 649 2295 tantum
662 2238 771 2303 valere,
790 2249 822 2292 ut
835 2236 904 2311 ipsos
916 2238 961 2294 illa
973 2256 1032 2292 reos
1044 2238 1130 2297 faciat.
1169 2242 1232 2295 Huc

204 2315 323 2389 pertinet
334 2314 522 2371 Maximinum
535 2354 544 2379 ,
564 2313 707 2391 postquam
727 2312 815 2369 vibius
833 2310 896 2368 esset
907 2331 923 2368 a
934 2314 1061 2380 Licinio,
1083 2316 1233 2373 libertatem

206 2390 363 2449 Christianis
374 2390 524 2449 concessisse
535 2390 641 2455 edisio,
661 2391 738 2468 quod
748 2408 783 2445 eii
792 2387 930 2451 Latinalin
984 2390 1234 2451 inGraecamtians·

207 2466 294 2526 latum
305 2466 471 2527 conservavit
484 2468 610 2527 Eusebius
628 2468 693 2526 loco
713 2466 840 2531 laudato,
859 2466 903 2542 cuj
933 2485 987 2544 que
1003 2470 1086 2525 etiam
1106 2471 1235 2527 meminit

206 2546 319 2623 Haymo
334 2546 379 2604 lib.
395 2548 420 2604 8.
433 2564 457 2602 c.
474 2548 497 2620 ¹3.
518 2546 587 2603 iiiii.
608 2546 680 2603 Eccl.
721 2546 773 2603 Sed
786 2543 890 2602 mirum
911 2544 992 2621 hujus
1009 2548 1047 2605 tei
1066 2548 1232 2606 memoriam

208 2625 311 2681 nullam
327 2622 498 2680 Ladiantiuiii
510 2622 680 2681 conservasse.

248 2698 401 2772 Detestabili
420 2716 514 2771 genere
541 2698 630 2757 mertis
655 2699 840 2775 ffatim...]
880 2702 952 2758 Eum
994 2710 1106 2786 inopie-q
1135 2708 1233 2775 θανάτῳ

209 2773 303 2833 obiisse
321 2774 411 2831 scribit
424 2772 549 2833 Eusebius
560 2795 586 2849 9.
600 2794 625 2849 9v
641 2780 669 2834 dt
689 2776 792 2833 Auctor
806 2777 946 2851 Epitomei
960 2778 1099 2845 Victoris,
1118 2776 1233 2856 fimpliei

209 2868 305 2909 morte:
326 2852 400 2929 quud
411 2852 487 2925 plane
499 2873 562 2912 cum
576 2854 715 2911 Lasiantio
728 2856 756 2911 δι
770 2853 886 2913 Eusebm
896 2868 1008 2933 pugnat.
1043 2859 1233 2933 simplexme

208 2926 241 2986 iis
253 2928 382 2986 tribuitur
396 2927 444 3006 qui
457 2928 552 3007 absque
564 2934 707 2989 tormentis
726 2931 902 3009 gravibusque
920 2932 1081 2993 cruciatibus
1098 2934 1159 2991 neci
1169 2934 1234 2992 dan·

208 3017 269 3071 tur,
289 3006 331 3063 uti
342 3018 454 3082 patetex
463 3010 535 3065 Suet.
556 3010 708 3080 Caei.c.74.
728 3008 809 3065 Unde
817 3011 942 3067 Prudent.
963 3012 1102 3085 Hymio.
1123 3022 1233 3090 apim.

102 3110 115 3153 a
209 3086 244 3149 V·
266 3085 328 3157 877.

343 3150 539 3297 TTempteniue
550 3166 633 3240 igitur
644 3178 706 3251 ente
717 3175 819 3253 partem
832 3163 984 3240 quempiam

343 3240 887 3397 impiissima

341 3399 448 3462 cadat,
467 3396 512 3455 vel
523 3417 577 3455 une
586 3396 695 3472 perfidus
709 3397 771 3454 cede
785 3399 901 3472 obpeten

344 3468 428 3565 Qut
439 3476 555 3563 membpa
562 3474 662 3549 gestat,
682 3490 719 3531 tot
731 3474 812 3532 modis
820 3485 909 3549 pereae
918 3474 985 3564 aiolo.
1044 3552 1051 3564 Ι

213 3548 262 3605 Sed
276 3550 442 3613 Maximinus
454 3550 622 3629 gravissimos
642 3550 748 3609 dolores
762 3591 771 3615 ,
791 3550 853 3608 licet
864 3551 897 3608 ab
908 3553 962 3611 alio
975 3570 1032 3610 non
1043 3550 1150 3621 illatos,
1169 3573 1231 3632 per·

213 3622 297 3701 pessus
310 3624 361 3691 est5
381 3642 503 3706 putoque
515 3629 654 3687 auctorem
665 3628 744 3685 illum
757 3624 1011 3707 mortemfimplicem
1030 3648 1164 3708 opponere
1176 3635 1232 3697 iiii.
1326 3660 1331 3669 ·

211 3720 266 3779 qua
278 3701 338 3779 quis
350 3702 383 3759 ab
396 3706 449 3762 alio
461 3706 583 3773 tollitui;
604 3704 716 3766 &idem
728 3704 782 3763 hoc
794 3704 858 3767 esse.
878 3707 1065 3770 addixisset,
1083 3728 1140 3767 non
1149 3709 1231 3769 stian-

211 3778 340 3854 gnidius,
360 3798 416 3839 non
431 3783 515 3857 eapite
525 3796 660 3841 truncatus
673 3784 731 3848 est,
751 3801 847 3841 vetum
860 3782 907 3843 sua
917 3798 1007 3843 morte
1026 3786 1116 3851 obiit,
1134 3798 1233 3845 utcun-

210 3872 266 3933 que
278 3854 323 3916 illa
334 3852 417 3925 fuerit
429 3859 588 3943 cruciatibiu
603 3861 688 3941 plena.
714 3860 875 4019 ‘pionem
891 3860 1011 3944 sequitui
1030 3866 1058 3946 P?
1078 3867 1233 3955 Diacoqusi

772 3956 789 4017 q
807 3954 826 4011 5
1174 3960 1233 4001 imo
