<?xml version="1.0" encoding="UTF-8"?>
<!DOCTYPE html PUBLIC "-//W3C//DTD XHTML 1.0 Transitional//EN"
    "http://www.w3.org/TR/xhtml1/DTD/xhtml1-transitional.dtd">
<html xmlns="http://www.w3.org/1999/xhtml" xml:lang="en" lang="en">
 <head>
  <title>
</title>
<meta http-equiv="Content-Type" content="text/html;charset=utf-8" />
  <meta name='ocr-system' content='tesseract 3.04.00' />
  <meta name='ocr-capabilities' content='ocr_page ocr_carea ocr_par ocr_line ocrx_word'/>
</head>
<body>
  <div class='ocr_page' id='page_1' title='image "./luciicaeciliifi00galegoog_0655.png"; bbox 0 0 2942 4634; ppageno 0'>
   <div class='ocr_carea' id='block_1_1' title="bbox 330 305 1227 414">
    <p class='ocr_par' dir='ltr' id='par_1_1' title="bbox 330 305 1227 414">
     <span class='ocr_line' id='line_1_1' title="bbox 330 305 1227 414; baseline -0.002 -22"><span class='ocrx_word' id='word_1_1' title='bbox 330 316 502 393; x_wconf 78' lang='lat' dir='ltr'>Norat</span> <span class='ocrx_word' id='word_1_2' title='bbox 551 312 609 387; x_wconf 75' lang='lat' dir='ltr'>&#39;ru</span> <span class='ocrx_word' id='word_1_3' title='bbox 661 305 1078 391; x_wconf 74' lang='lat' dir='ltr'>Lacrrnaruan&#39;</span> <span class='ocrx_word' id='word_1_4' title='bbox 1163 314 1227 414; x_wconf 63' lang='lat'>311]</span> 
     </span>
    </p>
   </div>
   <div class='ocr_carea' id='block_1_2' title="bbox 203 442 1227 989">
    <p class='ocr_par' dir='ltr' id='par_1_2' title="bbox 203 442 1227 989">
     <span class='ocr_line' id='line_1_2' title="bbox 369 442 952 523; baseline -0.021 -11"><span class='ocrx_word' id='word_1_5' title='bbox 369 452 478 512; x_wconf 75' lang='lat' dir='ltr'>Utilitas</span> <span class='ocrx_word' id='word_1_6' title='bbox 489 462 539 506; x_wconf 80' lang='lat' dir='ltr'>rua</span> <span class='ocrx_word' id='word_1_7' title='bbox 545 442 584 523; x_wconf 77' lang='lat' dir='ltr'>fir</span> <span class='ocrx_word' id='word_1_8' title='bbox 598 466 608 505; x_wconf 76' lang='grc' dir='ltr'><strong>ι</strong></span> <span class='ocrx_word' id='word_1_9' title='bbox 627 448 724 507; x_wconf 78' lang='lat' dir='ltr'>titulus</span> <span class='ocrx_word' id='word_1_10' title='bbox 738 445 845 506; x_wconf 68' lang='lat' dir='ltr'>ametur</span> <span class='ocrx_word' id='word_1_11' title='bbox 855 444 952 503; x_wconf 69' lang='lat' dir='ltr'>amus.</span> 
     </span>
     <span class='ocr_line' id='line_1_3' title="bbox 208 526 607 607; baseline -0.028 -16"><span class='ocrx_word' id='word_1_12' title='bbox 208 530 312 591; x_wconf 70' lang='lat' dir='ltr'>Austor</span> <span class='ocrx_word' id='word_1_13' title='bbox 326 530 423 607; x_wconf 73' lang='lat' dir='ltr'>Elegia</span> <span class='ocrx_word' id='word_1_14' title='bbox 434 528 467 585; x_wconf 84' lang='lat' dir='ltr'>ad</span> <span class='ocrx_word' id='word_1_15' title='bbox 480 526 586 583; x_wconf 87' lang='lat' dir='ltr'>Liviam</span> <span class='ocrx_word' id='word_1_16' title='bbox 600 544 607 581; x_wconf 81' lang='lat' dir='ltr'>t</span> 
     </span>
     <span class='ocr_line' id='line_1_4' title="bbox 369 594 924 675; baseline -0.011 -10"><span class='ocrx_word' id='word_1_17' title='bbox 369 617 404 665; x_wconf 72' lang='lat' dir='ltr'>Er</span> <span class='ocrx_word' id='word_1_18' title='bbox 417 602 525 663; x_wconf 75' lang='lat' dir='ltr'>titulum</span> <span class='ocrx_word' id='word_1_19' title='bbox 540 602 597 659; x_wconf 83' lang='lat' dir='ltr'>belli</span> <span class='ocrx_word' id='word_1_20' title='bbox 608 603 666 660; x_wconf 81' lang='lat' dir='ltr'>dux</span> <span class='ocrx_word' id='word_1_21' title='bbox 680 602 744 659; x_wconf 76' lang='lat' dir='ltr'>duce</span> <span class='ocrx_word' id='word_1_22' title='bbox 749 594 840 675; x_wconf 79' lang='lat' dir='ltr'>fratre</span> <span class='ocrx_word' id='word_1_23' title='bbox 851 600 924 659; x_wconf 72' lang='lat' dir='ltr'>tuln.</span> 
     </span>
     <span class='ocr_line' id='line_1_5' title="bbox 204 677 1226 760; baseline -0.004 -17"><span class='ocrx_word' id='word_1_24' title='bbox 204 690 303 760; x_wconf 75' lang='lat' dir='ltr'>Legum</span> <span class='ocrx_word' id='word_1_25' title='bbox 315 684 434 743; x_wconf 80' lang='lat' dir='ltr'>latarum</span> <span class='ocrx_word' id='word_1_26' title='bbox 446 679 534 739; x_wconf 83' lang='lat' dir='ltr'>titulos</span> <span class='ocrx_word' id='word_1_27' title='bbox 547 678 627 735; x_wconf 83' lang='lat' dir='ltr'>habes</span> <span class='ocrx_word' id='word_1_28' title='bbox 646 677 715 755; x_wconf 92' lang='lat' dir='ltr'>apud</span> <span class='ocrx_word' id='word_1_29' title='bbox 737 679 821 735; x_wconf 87' lang='lat' dir='ltr'>Corn.</span> <span class='ocrx_word' id='word_1_30' title='bbox 842 678 987 746; x_wconf 90' lang='lat' dir='ltr'>Tacitum,</span> <span class='ocrx_word' id='word_1_31' title='bbox 1004 679 1101 739; x_wconf 81' lang='lat' dir='ltr'>Annal.</span> <span class='ocrx_word' id='word_1_32' title='bbox 1120 698 1142 736; x_wconf 87' lang='lat'>1.</span> <span class='ocrx_word' id='word_1_33' title='bbox 1157 700 1181 737; x_wconf 91' lang='lat' dir='ltr'>c.</span> <span class='ocrx_word' id='word_1_34' title='bbox 1198 680 1226 739; x_wconf 85' lang='lat'>8.</span> 
     </span>
     <span class='ocr_line' id='line_1_6' title="bbox 203 753 1226 837; baseline -0.008 -17"><span class='ocrx_word' id='word_1_35' title='bbox 203 758 441 837; x_wconf 69' lang='lat' dir='ltr'>Admimstrariona</span> <span class='ocrx_word' id='word_1_36' title='bbox 451 757 575 821; x_wconf 79' lang='lat' dir='ltr'>titulum,</span> <span class='ocrx_word' id='word_1_37' title='bbox 594 757 664 833; x_wconf 91' lang='lat' dir='ltr'>apud</span> <span class='ocrx_word' id='word_1_38' title='bbox 676 753 875 832; x_wconf 84' lang='lat' dir='ltr'>Symmachum</span> <span class='ocrx_word' id='word_1_39' title='bbox 896 754 942 814; x_wconf 83' lang='lat' dir='ltr'>lib.</span> <span class='ocrx_word' id='word_1_40' title='bbox 959 778 1001 816; x_wconf 88' lang='grc' dir='ltr'>ιο.</span> <span class='ocrx_word' id='word_1_41' title='bbox 1015 756 1096 834; x_wconf 80' lang='lat' dir='ltr'>Epist.</span> <span class='ocrx_word' id='word_1_42' title='bbox 1109 772 1136 827; x_wconf 85' lang='lat'>4.</span> <span class='ocrx_word' id='word_1_43' title='bbox 1150 760 1179 815; x_wconf 76' lang='grc' dir='ltr'>δι</span> <span class='ocrx_word' id='word_1_44' title='bbox 1191 756 1226 815; x_wconf 85' lang='lat' dir='ltr'>fi-</span> 
     </span>
     <span class='ocr_line' id='line_1_7' title="bbox 203 838 692 897; baseline -0.014 -2"><span class='ocrx_word' id='word_1_45' title='bbox 203 838 305 897; x_wconf 83' lang='lat' dir='ltr'>miliaa</span> <span class='ocrx_word' id='word_1_46' title='bbox 323 840 359 895; x_wconf 90' lang='lat' dir='ltr'>ud</span> <span class='ocrx_word' id='word_1_47' title='bbox 371 838 444 897; x_wconf 86' lang='lat' dir='ltr'>alios.</span> <span class='ocrx_word' id='word_1_48' title='bbox 687 878 692 888; x_wconf 84' lang='lat'><em>.</em></span> 
     </span>
     <span class='ocr_line' id='line_1_8' title="bbox 237 856 1227 989; baseline 0.001 -19"><span class='ocrx_word' id='word_1_49' title='bbox 237 856 381 973; x_wconf 41' lang='lat' dir='ltr'>satagatis</span> <span class='ocrx_word' id='word_1_50' title='bbox 392 912 539 987; x_wconf 80' lang='lat' dir='ltr'>marcinus]</span> <span class='ocrx_word' id='word_1_51' title='bbox 560 910 686 969; x_wconf 86' lang='lat' dir='ltr'>Parabam</span> <span class='ocrx_word' id='word_1_52' title='bbox 698 928 767 989; x_wconf 86' lang='lat' dir='ltr'>ego,</span> <span class='ocrx_word' id='word_1_53' title='bbox 785 910 899 986; x_wconf 85' lang='lat' dir='ltr'>quinam</span> <span class='ocrx_word' id='word_1_54' title='bbox 911 909 1019 971; x_wconf 70' lang='lat' dir='ltr'>narmi</span> <span class='ocrx_word' id='word_1_55' title='bbox 1026 910 1144 975; x_wconf 82' lang='lat' dir='ltr'>illorum</span> <span class='ocrx_word' id='word_1_56' title='bbox 1155 926 1227 971; x_wconf 91' lang='lat' dir='ltr'>tem·</span> 
     </span>
    </p>
   </div>
   <div class='ocr_carea' id='block_1_3' title="bbox 89 986 1225 1066">
    <p class='ocr_par' dir='ltr' id='par_1_3' title="bbox 89 986 1225 1066">
     <span class='ocr_line' id='line_1_9' title="bbox 89 986 1225 1066; baseline 0.002 -20"><span class='ocrx_word' id='word_1_57' title='bbox 89 1008 92 1023; x_wconf 70' lang='lat'><em>¹</em></span> <span class='ocrx_word' id='word_1_58' title='bbox 202 1007 301 1065; x_wconf 83' lang='lat' dir='ltr'>porum</span> <span class='ocrx_word' id='word_1_59' title='bbox 314 1004 360 1049; x_wconf 71' lang='lat' dir='ltr'>aut</span> <span class='ocrx_word' id='word_1_60' title='bbox 371 990 585 1051; x_wconf 87' lang='lat' dir='ltr'>antecedentium</span> <span class='ocrx_word' id='word_1_61' title='bbox 604 986 749 1049; x_wconf 75' lang='lat' dir='ltr'>Afiarchae.</span> <span class='ocrx_word' id='word_1_62' title='bbox 770 988 819 1064; x_wconf 83' lang='lat' dir='ltr'>qui</span> <span class='ocrx_word' id='word_1_63' title='bbox 833 999 1000 1066; x_wconf 52' lang='lat' dir='ltr'>naariam,</span> <span class='ocrx_word' id='word_1_64' title='bbox 1025 995 1148 1066; x_wconf 69' lang='lat' dir='ltr'>a’pxptpirt,</span> <span class='ocrx_word' id='word_1_65' title='bbox 1165 990 1225 1049; x_wconf 69' lang='lat' dir='ltr'>fivo&#39;</span> 
     </span>
    </p>
   </div>
   <div class='ocr_carea' id='block_1_4' title="bbox 170 1062 1302 4061">
    <p class='ocr_par' dir='ltr' id='par_1_4' title="bbox 170 1062 1302 1603">
     <span class='ocr_line' id='line_1_10' title="bbox 204 1062 1226 1145; baseline 0.004 -22"><span class='ocrx_word' id='word_1_66' title='bbox 204 1068 354 1125; x_wconf 68' lang='lat' dir='ltr'>sacerdota</span> <span class='ocrx_word' id='word_1_67' title='bbox 366 1067 500 1131; x_wconf 86' lang='lat' dir='ltr'>maximi,</span> <span class='ocrx_word' id='word_1_68' title='bbox 519 1064 600 1145; x_wconf 86' lang='lat' dir='ltr'>paulo</span> <span class='ocrx_word' id='word_1_69' title='bbox 613 1064 696 1123; x_wconf 84' lang='lat' dir='ltr'>fusius</span> <span class='ocrx_word' id='word_1_70' title='bbox 711 1082 847 1139; x_wconf 79' lang='lat' dir='ltr'>exponere</span> <span class='ocrx_word' id='word_1_71' title='bbox 860 1083 867 1121; x_wconf 90' lang='lat'><strong>:</strong></span> <span class='ocrx_word' id='word_1_72' title='bbox 887 1062 933 1121; x_wconf 83' lang='lat' dir='ltr'>sed</span> <span class='ocrx_word' id='word_1_73' title='bbox 944 1084 1001 1123; x_wconf 90' lang='lat' dir='ltr'>non</span> <span class='ocrx_word' id='word_1_74' title='bbox 1019 1065 1111 1125; x_wconf 83' lang='lat' dir='ltr'>finunt</span> <span class='ocrx_word' id='word_1_75' title='bbox 1124 1064 1226 1127; x_wconf 77' lang='lat' dir='ltr'>labores</span> 
     </span>
     <span class='ocr_line' id='line_1_11' title="bbox 202 1140 1232 1223; baseline -0.001 -22"><span class='ocrx_word' id='word_1_76' title='bbox 202 1143 438 1207; x_wconf 65' lang='lat' dir='ltr'>Academicum,</span> <span class='ocrx_word' id='word_1_77' title='bbox 457 1144 505 1223; x_wconf 90' lang='lat' dir='ltr'>qui</span> <span class='ocrx_word' id='word_1_78' title='bbox 524 1161 571 1201; x_wconf 89' lang='lat' dir='ltr'>me</span> <span class='ocrx_word' id='word_1_79' title='bbox 589 1161 662 1200; x_wconf 90' lang='lat' dir='ltr'>nunc</span> <span class='ocrx_word' id='word_1_80' title='bbox 679 1153 774 1199; x_wconf 85' lang='lat' dir='ltr'>tenent</span> <span class='ocrx_word' id='word_1_81' title='bbox 793 1140 952 1199; x_wconf 63' lang='lat' dir='ltr'>distrifiium.</span> <span class='ocrx_word' id='word_1_82' title='bbox 992 1143 1027 1201; x_wconf 88' lang='lat' dir='ltr'>Et</span> <span class='ocrx_word' id='word_1_83' title='bbox 1046 1140 1232 1218; x_wconf 75' lang='lat' dir='ltr'>praestiterunt</span> 
     </span>
     <span class='ocr_line' id='line_1_12' title="bbox 170 1216 1226 1296; baseline 0 -19"><span class='ocrx_word' id='word_1_84' title='bbox 170 1284 173 1291; x_wconf 55' lang='grc'>,</span> <span class='ocrx_word' id='word_1_85' title='bbox 203 1218 287 1279; x_wconf 85' lang='lat' dir='ltr'>inhis</span> <span class='ocrx_word' id='word_1_86' title='bbox 301 1222 388 1279; x_wconf 88' lang='lat' dir='ltr'>multa</span> <span class='ocrx_word' id='word_1_87' title='bbox 398 1222 456 1296; x_wconf 82' lang='lat' dir='ltr'>jam</span> <span class='ocrx_word' id='word_1_88' title='bbox 468 1230 529 1278; x_wconf 84' lang='lat' dir='ltr'>ante</span> <span class='ocrx_word' id='word_1_89' title='bbox 541 1218 593 1279; x_wconf 86' lang='lat' dir='ltr'>riri</span> <span class='ocrx_word' id='word_1_90' title='bbox 611 1216 694 1295; x_wconf 69' lang='lat' dir='ltr'>longe</span> <span class='ocrx_word' id='word_1_91' title='bbox 714 1217 884 1281; x_wconf 71' lang='lat' dir='ltr'>dottiffimi,</span> <span class='ocrx_word' id='word_1_92' title='bbox 902 1217 1031 1277; x_wconf 80' lang='lat' dir='ltr'>Seldenus</span> <span class='ocrx_word' id='word_1_93' title='bbox 1049 1220 1083 1279; x_wconf 85' lang='lat' dir='ltr'>ad</span> <span class='ocrx_word' id='word_1_94' title='bbox 1096 1221 1226 1296; x_wconf 82' lang='lat' dir='ltr'>Eutychii</span> 
     </span>
     <span class='ocr_line' id='line_1_13' title="bbox 201 1294 1302 1375; baseline -0.002 -23"><span class='ocrx_word' id='word_1_95' title='bbox 201 1297 331 1375; x_wconf 82' lang='lat' dir='ltr'>origines,</span> <span class='ocrx_word' id='word_1_96' title='bbox 352 1302 380 1357; x_wconf 76' lang='grc' dir='ltr'>δι</span> <span class='ocrx_word' id='word_1_97' title='bbox 393 1299 425 1357; x_wconf 84' lang='lat' dir='ltr'>ad</span> <span class='ocrx_word' id='word_1_98' title='bbox 438 1295 620 1357; x_wconf 81' lang='lat' dir='ltr'>recensionem</span> <span class='ocrx_word' id='word_1_99' title='bbox 632 1294 837 1371; x_wconf 82' lang='lat' dir='ltr'>smyrnenfiunr</span> <span class='ocrx_word' id='word_1_100' title='bbox 854 1294 1029 1353; x_wconf 88' lang='lat' dir='ltr'>donariorum</span> <span class='ocrx_word' id='word_1_101' title='bbox 1041 1334 1050 1357; x_wconf 83' lang='lat'><strong>.</strong></span> <span class='ocrx_word' id='word_1_102' title='bbox 1078 1297 1178 1374; x_wconf 86' lang='lat' dir='ltr'>aliique</span> <span class='ocrx_word' id='word_1_103' title='bbox 1190 1298 1224 1357; x_wconf 85' lang='lat' dir='ltr'>ad</span> <span class='ocrx_word' id='word_1_104' title='bbox 1297 1336 1302 1350; x_wconf 47' lang='lat' dir='ltr'>i</span> 
     </span>
     <span class='ocr_line' id='line_1_14' title="bbox 199 1371 1224 1451; baseline 0.001 -22"><span class='ocrx_word' id='word_1_105' title='bbox 199 1390 337 1433; x_wconf 83' lang='lat' dir='ltr'>marmora</span> <span class='ocrx_word' id='word_1_106' title='bbox 347 1374 536 1433; x_wconf 79' lang='lat' dir='ltr'>Arundelliana</span> <span class='ocrx_word' id='word_1_107' title='bbox 548 1371 603 1429; x_wconf 84' lang='lat' dir='ltr'>five</span> <span class='ocrx_word' id='word_1_108' title='bbox 614 1371 781 1429; x_wconf 82' lang='lat' dir='ltr'>Oxoniensra</span> <span class='ocrx_word' id='word_1_109' title='bbox 797 1410 806 1433; x_wconf 83' lang='lat'><strong>.</strong></span> <span class='ocrx_word' id='word_1_110' title='bbox 825 1372 971 1450; x_wconf 80' lang='lat' dir='ltr'>Dionyiius</span> <span class='ocrx_word' id='word_1_111' title='bbox 987 1372 1105 1431; x_wconf 87' lang='lat' dir='ltr'>Gothof.</span> <span class='ocrx_word' id='word_1_112' title='bbox 1119 1374 1153 1431; x_wconf 87' lang='lat' dir='ltr'>ad</span> <span class='ocrx_word' id='word_1_113' title='bbox 1170 1373 1224 1451; x_wconf 90' lang='lat' dir='ltr'>leg.</span> 
     </span>
     <span class='ocr_line' id='line_1_15' title="bbox 201 1448 1223 1517; baseline 0 -10"><span class='ocrx_word' id='word_1_114' title='bbox 201 1451 227 1506; x_wconf 89' lang='lat'>8.</span> <span class='ocrx_word' id='word_1_115' title='bbox 242 1452 277 1508; x_wconf 92' lang='lat' dir='ltr'>D.</span> <span class='ocrx_word' id='word_1_116' title='bbox 291 1450 333 1507; x_wconf 92' lang='lat' dir='ltr'>tit.</span> <span class='ocrx_word' id='word_1_117' title='bbox 347 1452 568 1512; x_wconf 77' lang='lat' dir='ltr'>devitatione&amp;</span> <span class='ocrx_word' id='word_1_118' title='bbox 580 1448 696 1508; x_wconf 85' lang='lat' dir='ltr'>excusat.</span> <span class='ocrx_word' id='word_1_119' title='bbox 715 1466 886 1517; x_wconf 69' lang='lat' dir='ltr'>munerums</span> <span class='ocrx_word' id='word_1_120' title='bbox 906 1448 1068 1509; x_wconf 87' lang='lat' dir='ltr'>Pancirollus</span> <span class='ocrx_word' id='word_1_121' title='bbox 1084 1452 1118 1511; x_wconf 86' lang='lat' dir='ltr'>ad</span> <span class='ocrx_word' id='word_1_122' title='bbox 1130 1450 1223 1509; x_wconf 89' lang='lat' dir='ltr'>Notit.</span> 
     </span>
     <span class='ocr_line' id='line_1_16' title="bbox 199 1527 708 1603; baseline 0.004 -20"><span class='ocrx_word' id='word_1_123' title='bbox 199 1527 269 1603; x_wconf 86' lang='lat' dir='ltr'>Imp.</span> <span class='ocrx_word' id='word_1_124' title='bbox 285 1529 389 1586; x_wconf 88' lang='lat' dir='ltr'>Orient.</span> <span class='ocrx_word' id='word_1_125' title='bbox 404 1550 428 1587; x_wconf 90' lang='lat' dir='ltr'>c.</span> <span class='ocrx_word' id='word_1_126' title='bbox 445 1547 505 1602; x_wconf 85' lang='lat'>¹05·</span> <span class='ocrx_word' id='word_1_127' title='bbox 705 1576 708 1585; x_wconf 95' lang='lat'>.</span> 
     </span>
    </p>

    <p class='ocr_par' dir='ltr' id='par_1_5' title="bbox 199 1601 1223 1836">
     <span class='ocr_line' id='line_1_17' title="bbox 236 1601 1223 1694; baseline 0.001 -30"><span class='ocrx_word' id='word_1_128' title='bbox 236 1606 452 1685; x_wconf 70' lang='lat' dir='ltr'>Provinciisuper</span> <span class='ocrx_word' id='word_1_129' title='bbox 499 1605 570 1680; x_wconf 75' lang='lat' dir='ltr'>ortt]</span> <span class='ocrx_word' id='word_1_130' title='bbox 593 1608 656 1663; x_wconf 88' lang='lat' dir='ltr'>Hoc</span> <span class='ocrx_word' id='word_1_131' title='bbox 667 1604 742 1663; x_wconf 85' lang='lat' dir='ltr'>verbi</span> <span class='ocrx_word' id='word_1_132' title='bbox 755 1601 1003 1694; x_wconf 67' lang='lat' dir='ltr'>frequentiffimum</span> <span class='ocrx_word' id='word_1_133' title='bbox 1016 1603 1056 1663; x_wconf 91' lang='lat' dir='ltr'>illi</span> <span class='ocrx_word' id='word_1_134' title='bbox 1070 1622 1130 1662; x_wconf 79' lang='lat' dir='ltr'>aero</span> <span class='ocrx_word' id='word_1_135' title='bbox 1144 1628 1154 1672; x_wconf 72' lang='grc' dir='ltr'><strong><em>ς</em></strong></span> <span class='ocrx_word' id='word_1_136' title='bbox 1175 1624 1223 1665; x_wconf 88' lang='lat' dir='ltr'>oc·</span> 
     </span>
     <span class='ocr_line' id='line_1_18' title="bbox 200 1618 1223 1762; baseline 0.001 -23"><span class='ocrx_word' id='word_1_137' title='bbox 200 1683 284 1739; x_wconf 89' lang='lat' dir='ltr'>currit</span> <span class='ocrx_word' id='word_1_138' title='bbox 297 1684 380 1741; x_wconf 88' lang='lat' dir='ltr'>etiam</span> <span class='ocrx_word' id='word_1_139' title='bbox 393 1618 704 1762; x_wconf 57' lang='lat' dir='ltr'>apuffiegantissimum</span> <span class='ocrx_word' id='word_1_140' title='bbox 715 1682 871 1751; x_wconf 80' lang='lat' dir='ltr'>Minucium</span> <span class='ocrx_word' id='word_1_141' title='bbox 884 1680 1015 1747; x_wconf 66' lang='lat' dir='ltr'>Felicem,</span> <span class='ocrx_word' id='word_1_142' title='bbox 1033 1700 1061 1759; x_wconf 89' lang='lat' dir='ltr'>p.</span> <span class='ocrx_word' id='word_1_143' title='bbox 1073 1699 1139 1759; x_wconf 76' lang='lat'>¹5²·</span> <span class='ocrx_word' id='word_1_144' title='bbox 1159 1686 1223 1758; x_wconf 71' lang='lat' dir='ltr'>api·</span> 
     </span>
     <span class='ocr_line' id='line_1_19' title="bbox 199 1757 1064 1836; baseline 0.005 -23"><span class='ocrx_word' id='word_1_145' title='bbox 199 1776 273 1815; x_wconf 77' lang='lat' dir='ltr'>curus</span> <span class='ocrx_word' id='word_1_146' title='bbox 287 1760 328 1815; x_wconf 80' lang='lat' dir='ltr'>ille</span> <span class='ocrx_word' id='word_1_147' title='bbox 337 1777 463 1819; x_wconf 77' lang='lat' dir='ltr'>naturam</span> <span class='ocrx_word' id='word_1_148' title='bbox 475 1777 563 1817; x_wconf 80' lang='lat' dir='ltr'>ramea</span> <span class='ocrx_word' id='word_1_149' title='bbox 569 1761 722 1836; x_wconf 74' lang='lat' dir='ltr'><em>superponit.</em></span> <span class='ocrx_word' id='word_1_150' title='bbox 1046 1757 1064 1801; x_wconf 90' lang='lat'>&#39;-</span> 
     </span>
    </p>

    <p class='ocr_par' dir='ltr' id='par_1_6' title="bbox 199 1833 1223 2071">
     <span class='ocr_line' id='line_1_20' title="bbox 236 1833 1223 1913; baseline 0.005 -23"><span class='ocrx_word' id='word_1_151' title='bbox 236 1837 320 1909; x_wconf 72' lang='lat' dir='ltr'>Specie</span> <span class='ocrx_word' id='word_1_152' title='bbox 329 1839 422 1913; x_wconf 81' lang='lat' dir='ltr'>tenus]</span> <span class='ocrx_word' id='word_1_153' title='bbox 446 1837 525 1895; x_wconf 90' lang='lat' dir='ltr'>Nihil</span> <span class='ocrx_word' id='word_1_154' title='bbox 537 1835 701 1913; x_wconf 86' lang='lat' dir='ltr'>frequentius</span> <span class='ocrx_word' id='word_1_155' title='bbox 711 1834 754 1894; x_wconf 91' lang='lat' dir='ltr'>his</span> <span class='ocrx_word' id='word_1_156' title='bbox 766 1833 876 1894; x_wconf 87' lang='lat' dir='ltr'>vocibus</span> <span class='ocrx_word' id='word_1_157' title='bbox 881 1835 918 1895; x_wconf 84' lang='lat' dir='ltr'>fic</span> <span class='ocrx_word' id='word_1_158' title='bbox 923 1833 1023 1910; x_wconf 68' lang='lat' dir='ltr'>junctis</span> <span class='ocrx_word' id='word_1_159' title='bbox 1028 1834 1098 1911; x_wconf 85' lang='lat' dir='ltr'>apud</span> <span class='ocrx_word' id='word_1_160' title='bbox 1110 1835 1223 1895; x_wconf 67' lang='lat' dir='ltr'>Lanar-</span> 
     </span>
     <span class='ocr_line' id='line_1_21' title="bbox 199 1908 1223 1991; baseline -0.002 -20"><span class='ocrx_word' id='word_1_161' title='bbox 199 1908 289 1977; x_wconf 70' lang='lat' dir='ltr'>tium,</span> <span class='ocrx_word' id='word_1_162' title='bbox 306 1930 354 1971; x_wconf 86' lang='lat' dir='ltr'>nec</span> <span class='ocrx_word' id='word_1_163' title='bbox 366 1918 477 1980; x_wconf 81' lang='lat' dir='ltr'>attinet,</span> <span class='ocrx_word' id='word_1_164' title='bbox 496 1913 610 1991; x_wconf 85' lang='lat' dir='ltr'>opinor.</span> <span class='ocrx_word' id='word_1_165' title='bbox 628 1913 784 1973; x_wconf 81' lang='lat' dir='ltr'>exscribere.</span> <span class='ocrx_word' id='word_1_166' title='bbox 825 1916 870 1973; x_wconf 86' lang='lat' dir='ltr'>De</span> <span class='ocrx_word' id='word_1_167' title='bbox 880 1931 978 1991; x_wconf 83' lang='lat' dir='ltr'>genere</span> <span class='ocrx_word' id='word_1_168' title='bbox 988 1925 1083 1967; x_wconf 86' lang='lat' dir='ltr'>autem</span> <span class='ocrx_word' id='word_1_169' title='bbox 1095 1910 1151 1968; x_wconf 87' lang='lat' dir='ltr'>hoc</span> <span class='ocrx_word' id='word_1_170' title='bbox 1161 1929 1223 1969; x_wconf 89' lang='lat' dir='ltr'>cru·</span> 
     </span>
     <span class='ocr_line' id='line_1_22' title="bbox 200 1984 1219 2071; baseline 0.001 -26"><span class='ocrx_word' id='word_1_171' title='bbox 200 1984 326 2052; x_wconf 85' lang='lat' dir='ltr'>delitatis,</span> <span class='ocrx_word' id='word_1_172' title='bbox 334 1994 375 2049; x_wconf 84' lang='lat' dir='ltr'>cui</span> <span class='ocrx_word' id='word_1_173' title='bbox 386 1993 616 2068; x_wconf 76' lang='lat' dir='ltr'>clrmmtiasprcies</span> <span class='ocrx_word' id='word_1_174' title='bbox 621 1990 698 2071; x_wconf 79' lang='lat' dir='ltr'>falsa</span> <span class='ocrx_word' id='word_1_175' title='bbox 710 1990 859 2051; x_wconf 77' lang='lat' dir='ltr'>blanditur.</span> <span class='ocrx_word' id='word_1_176' title='bbox 872 1991 950 2066; x_wconf 85' lang='lat' dir='ltr'>plura</span> <span class='ocrx_word' id='word_1_177' title='bbox 955 1988 1039 2051; x_wconf 80' lang='lat' dir='ltr'>idem,</span> <span class='ocrx_word' id='word_1_178' title='bbox 1046 1986 1092 2045; x_wconf 87' lang='lat' dir='ltr'>lib.</span> <span class='ocrx_word' id='word_1_179' title='bbox 1099 2005 1162 2063; x_wconf 86' lang='lat' dir='ltr'>5.c.</span> <span class='ocrx_word' id='word_1_180' title='bbox 1174 2005 1219 2046; x_wconf 81' lang='grc' dir='ltr'>ιι.</span> 
     </span>
    </p>

    <p class='ocr_par' dir='ltr' id='par_1_7' title="bbox 196 2068 1226 2431">
     <span class='ocr_line' id='line_1_23' title="bbox 239 2068 1226 2229; baseline 0.004 -33"><span class='ocrx_word' id='word_1_181' title='bbox 239 2145 276 2196; x_wconf 88' lang='lat' dir='ltr'>Ur</span> <span class='ocrx_word' id='word_1_182' title='bbox 287 2143 415 2200; x_wconf 80' lang='lat' dir='ltr'>animalia</span> <span class='ocrx_word' id='word_1_183' title='bbox 428 2070 544 2214; x_wconf 46' lang='lat' dir='ltr'>uniaris]H</span> <span class='ocrx_word' id='word_1_184' title='bbox 557 2068 981 2225; x_wconf 41' lang='lat' dir='ltr'>Sigcnaiililixiffqgnjiavgiores</span> <span class='ocrx_word' id='word_1_185' title='bbox 1000 2158 1112 2229; x_wconf 83' lang='lat' dir='ltr'>quoque</span> <span class='ocrx_word' id='word_1_186' title='bbox 1121 2137 1226 2200; x_wconf 74' lang='lat' dir='ltr'>technis</span> 
     </span>
     <span class='ocr_line' id='line_1_24' title="bbox 199 2214 1225 2285; baseline 0.004 -12"><span class='ocrx_word' id='word_1_187' title='bbox 199 2215 241 2273; x_wconf 83' lang='lat' dir='ltr'>usi</span> <span class='ocrx_word' id='word_1_188' title='bbox 253 2216 362 2285; x_wconf 86' lang='lat' dir='ltr'>talibus,</span> <span class='ocrx_word' id='word_1_189' title='bbox 382 2218 428 2275; x_wconf 84' lang='lat' dir='ltr'>sed</span> <span class='ocrx_word' id='word_1_190' title='bbox 439 2216 617 2273; x_wconf 80' lang='lat' dir='ltr'>admittebant</span> <span class='ocrx_word' id='word_1_191' title='bbox 630 2229 723 2271; x_wconf 87' lang='lat' dir='ltr'>tamen</span> <span class='ocrx_word' id='word_1_192' title='bbox 736 2226 820 2270; x_wconf 82' lang='lat' dir='ltr'>ettam</span> <span class='ocrx_word' id='word_1_193' title='bbox 837 2214 900 2269; x_wconf 82' lang='lat' dir='ltr'>altas</span> <span class='ocrx_word' id='word_1_194' title='bbox 916 2233 1006 2271; x_wconf 81' lang='lat' dir='ltr'>carnes</span> <span class='ocrx_word' id='word_1_195' title='bbox 1019 2236 1026 2271; x_wconf 81' lang='lat' dir='ltr'><strong><em>z</em></strong></span> <span class='ocrx_word' id='word_1_196' title='bbox 1046 2217 1161 2275; x_wconf 83' lang='lat' dir='ltr'>hicnon</span> <span class='ocrx_word' id='word_1_197' title='bbox 1172 2216 1225 2277; x_wconf 82' lang='lat' dir='ltr'>nifi</span> 
     </span>
     <span class='ocr_line' id='line_1_25' title="bbox 197 2284 1225 2428; baseline 0.004 -79"><span class='ocrx_word' id='word_1_198' title='bbox 197 2290 380 2428; x_wconf 53' lang='lat' dir='ltr'>susperglitiune</span> <span class='ocrx_word' id='word_1_199' title='bbox 391 2295 550 2373; x_wconf 85' lang='lat' dir='ltr'>inquinatas.</span> <span class='ocrx_word' id='word_1_200' title='bbox 588 2284 1137 2366; x_wconf 78' lang='lat' dir='ltr'>Hujusreicontemplatidneprimushoc</span> <span class='ocrx_word' id='word_1_201' title='bbox 1148 2294 1225 2355; x_wconf 84' lang='lat' dir='ltr'>inre·</span> 
     </span>
     <span class='ocr_line' id='line_1_26' title="bbox 196 2386 945 2431; baseline 0.012 -4"><span class='ocrx_word' id='word_1_202' title='bbox 196 2388 225 2427; x_wconf 84' lang='lat' dir='ltr'>nr</span> <span class='ocrx_word' id='word_1_203' title='bbox 246 2391 261 2429; x_wconf 93' lang='lat' dir='ltr'>e</span> <span class='ocrx_word' id='word_1_204' title='bbox 292 2386 379 2431; x_wconf 82' lang='lat' dir='ltr'>icitur.</span> <span class='ocrx_word' id='word_1_205' title='bbox 943 2409 945 2412; x_wconf 95' lang='lat'>·</span> 
     </span>
    </p>

    <p class='ocr_par' dir='ltr' id='par_1_8' title="bbox 234 2432 1274 2525">
     <span class='ocr_line' id='line_1_27' title="bbox 234 2432 1274 2525; baseline 0.002 -20"><span class='ocrx_word' id='word_1_206' title='bbox 234 2449 386 2525; x_wconf 67' lang='lat' dir='ltr'>aptam]</span> <span class='ocrx_word' id='word_1_207' title='bbox 409 2448 551 2511; x_wconf 58' lang='lat' dir='ltr'>venitus</span> <span class='ocrx_word' id='word_1_208' title='bbox 561 2444 694 2525; x_wconf 61' lang='lat' dir='ltr'>apiaria</span> <span class='ocrx_word' id='word_1_209' title='bbox 706 2445 837 2507; x_wconf 83' lang='lat' dir='ltr'>fuitcella</span> <span class='ocrx_word' id='word_1_210' title='bbox 848 2446 948 2507; x_wconf 69' lang='lat' dir='ltr'>vinata</span> <span class='ocrx_word' id='word_1_211' title='bbox 965 2448 1069 2513; x_wconf 68' lang='lat' dir='ltr'>ma«,</span> <span class='ocrx_word' id='word_1_212' title='bbox 1088 2458 1136 2507; x_wconf 74' lang='lat' dir='ltr'>aut</span> <span class='ocrx_word' id='word_1_213' title='bbox 1153 2446 1226 2509; x_wconf 75' lang='lat' dir='ltr'>arua</span> <span class='ocrx_word' id='word_1_214' title='bbox 1272 2432 1274 2436; x_wconf 83' lang='grc'><strong>’</strong></span> 
     </span>
    </p>

    <p class='ocr_par' dir='ltr' id='par_1_9' title="bbox 197 2522 1225 2735">
     <span class='ocr_line' id='line_1_28' title="bbox 232 2522 1223 2607; baseline 0.002 -26"><span class='ocrx_word' id='word_1_215' title='bbox 232 2544 268 2582; x_wconf 90' lang='lat' dir='ltr'>nu</span> <span class='ocrx_word' id='word_1_216' title='bbox 282 2528 409 2607; x_wconf 85' lang='lat' dir='ltr'>capacius.</span> <span class='ocrx_word' id='word_1_217' title='bbox 446 2526 594 2603; x_wconf 69' lang='lat' dir='ltr'>,apothecas</span> <span class='ocrx_word' id='word_1_218' title='bbox 602 2522 750 2601; x_wconf 81' lang='lat' dir='ltr'>frumenti,</span> <span class='ocrx_word' id='word_1_219' title='bbox 769 2528 849 2592; x_wconf 77' lang='lat' dir='ltr'>viai,</span> <span class='ocrx_word' id='word_1_220' title='bbox 869 2523 905 2597; x_wconf 71' lang='grc' dir='ltr'>ό·</span> <span class='ocrx_word' id='word_1_221' title='bbox 918 2524 985 2592; x_wconf 77' lang='lat' dir='ltr'>olei,</span> <span class='ocrx_word' id='word_1_222' title='bbox 1107 2545 1132 2581; x_wconf 81' lang='lat' dir='ltr'>a.</span> <span class='ocrx_word' id='word_1_223' title='bbox 1145 2527 1223 2583; x_wconf 84' lang='lat' dir='ltr'>Para-</span> 
     </span>
     <span class='ocr_line' id='line_1_29' title="bbox 209 2600 1225 2734; baseline 0.004 -79"><span class='ocrx_word' id='word_1_224' title='bbox 209 2601 419 2734; x_wconf 41' lang='lat' dir='ltr'>ip.t32l.nUtitur</span> <span class='ocrx_word' id='word_1_225' title='bbox 433 2607 462 2663; x_wconf 73' lang='lat' dir='ltr'>tc</span> <span class='ocrx_word' id='word_1_226' title='bbox 482 2602 620 2659; x_wconf 84' lang='lat' dir='ltr'>Arnobius</span> <span class='ocrx_word' id='word_1_227' title='bbox 632 2600 679 2659; x_wconf 86' lang='lat' dir='ltr'>lib.</span> <span class='ocrx_word' id='word_1_228' title='bbox 694 2604 720 2660; x_wconf 89' lang='lat'>8.</span> <span class='ocrx_word' id='word_1_229' title='bbox 742 2604 784 2661; x_wconf 83' lang='lat' dir='ltr'>Ex</span> <span class='ocrx_word' id='word_1_230' title='bbox 802 2602 991 2663; x_wconf 78' lang='lat' dir='ltr'>vetustioribus</span> <span class='ocrx_word' id='word_1_231' title='bbox 1007 2602 1084 2681; x_wconf 85' lang='lat' dir='ltr'>plura</span> <span class='ocrx_word' id='word_1_232' title='bbox 1106 2600 1225 2681; x_wconf 85' lang='lat' dir='ltr'>college-</span> 
     </span>
     <span class='ocr_line' id='line_1_30' title="bbox 197 2696 329 2735; baseline 0 -2"><span class='ocrx_word' id='word_1_233' title='bbox 197 2696 250 2733; x_wconf 88' lang='lat' dir='ltr'>run</span> <span class='ocrx_word' id='word_1_234' title='bbox 277 2696 329 2735; x_wconf 88' lang='lat' dir='ltr'>an.</span> 
     </span>
    </p>

    <p class='ocr_par' dir='ltr' id='par_1_10' title="bbox 190 2736 1247 3989">
     <span class='ocr_line' id='line_1_31' title="bbox 235 2736 1220 2839; baseline 0.006 -30"><span class='ocrx_word' id='word_1_235' title='bbox 235 2751 352 2837; x_wconf 56' lang='lat' dir='ltr'>,Quibus</span> <span class='ocrx_word' id='word_1_236' title='bbox 365 2774 403 2812; x_wconf 82' lang='lat' dir='ltr'>ror</span> <span class='ocrx_word' id='word_1_237' title='bbox 421 2757 483 2813; x_wconf 83' lang='lat' dir='ltr'>adro</span> <span class='ocrx_word' id='word_1_238' title='bbox 501 2759 672 2834; x_wconf 76' lang='lat' dir='ltr'>corruperat]</span> <span class='ocrx_word' id='word_1_239' title='bbox 694 2760 786 2839; x_wconf 84' lang='lat' dir='ltr'>Lego,</span> <span class='ocrx_word' id='word_1_240' title='bbox 804 2759 964 2838; x_wconf 71' lang='lat' dir='ltr'>qutbmsua</span> <span class='ocrx_word' id='word_1_241' title='bbox 983 2761 1047 2817; x_wconf 75' lang='lat' dir='ltr'>ader</span> <span class='ocrx_word' id='word_1_242' title='bbox 1066 2736 1220 2834; x_wconf 67' lang='lat' dir='ltr'>correpunt.</span> 
     </span>
     <span class='ocr_line' id='line_1_32' title="bbox 196 2831 1222 2963; baseline 0.002 -74"><span class='ocrx_word' id='word_1_243' title='bbox 196 2832 258 2963; x_wconf 69' lang='lat' dir='ltr'>Ego</span> <span class='ocrx_word' id='word_1_244' title='bbox 268 2849 339 2888; x_wconf 85' lang='lat' dir='ltr'>mox</span> <span class='ocrx_word' id='word_1_245' title='bbox 354 2850 410 2889; x_wconf 89' lang='lat' dir='ltr'>non</span> <span class='ocrx_word' id='word_1_246' title='bbox 422 2831 576 2893; x_wconf 76' lang='lat' dir='ltr'>dubitabam</span> <span class='ocrx_word' id='word_1_247' title='bbox 589 2836 683 2893; x_wconf 83' lang='lat' dir='ltr'>milites</span> <span class='ocrx_word' id='word_1_248' title='bbox 695 2856 824 2914; x_wconf 84' lang='lat' dir='ltr'>reponere</span> <span class='ocrx_word' id='word_1_249' title='bbox 839 2878 849 2903; x_wconf 93' lang='lat'>,</span> <span class='ocrx_word' id='word_1_250' title='bbox 868 2837 1055 2895; x_wconf 75' lang='lat' dir='ltr'>honoratiores</span> <span class='ocrx_word' id='word_1_251' title='bbox 1067 2854 1166 2911; x_wconf 86' lang='lat' dir='ltr'>nempe</span> <span class='ocrx_word' id='word_1_252' title='bbox 1179 2834 1222 2891; x_wconf 86' lang='lat' dir='ltr'>in·</span> 
     </span>
     <span class='ocr_line' id='line_1_33' title="bbox 196 2907 1222 2987; baseline 0.005 -25"><span class='ocrx_word' id='word_1_253' title='bbox 196 2918 226 2963; x_wconf 86' lang='lat' dir='ltr'>te</span> <span class='ocrx_word' id='word_1_254' title='bbox 239 2907 530 2985; x_wconf 71' lang='lat' dir='ltr'>ligensliveprlatinos,</span> <span class='ocrx_word' id='word_1_255' title='bbox 550 2913 692 2987; x_wconf 90' lang='lat' dir='ltr'>quomodo</span> <span class='ocrx_word' id='word_1_256' title='bbox 705 2932 869 2971; x_wconf 87' lang='lat' dir='ltr'>vocemeam</span> <span class='ocrx_word' id='word_1_257' title='bbox 880 2926 1004 2985; x_wconf 88' lang='lat' dir='ltr'>tempore</span> <span class='ocrx_word' id='word_1_258' title='bbox 1016 2911 1067 2965; x_wconf 92' lang='lat' dir='ltr'>isto</span> <span class='ocrx_word' id='word_1_259' title='bbox 1073 2910 1140 2984; x_wconf 69' lang='lat' dir='ltr'>sape</span> <span class='ocrx_word' id='word_1_260' title='bbox 1146 2908 1222 2967; x_wconf 85' lang='lat' dir='ltr'>usur-</span> 
     </span>
     <span class='ocr_line' id='line_1_34' title="bbox 195 2984 1225 3063; baseline 0.003 -21"><span class='ocrx_word' id='word_1_261' title='bbox 195 2996 286 3063; x_wconf 80' lang='lat' dir='ltr'>patrm</span> <span class='ocrx_word' id='word_1_262' title='bbox 300 2984 365 3047; x_wconf 81' lang='lat' dir='ltr'>effe.</span> <span class='ocrx_word' id='word_1_263' title='bbox 384 2986 530 3045; x_wconf 70' lang='lat' dir='ltr'>doctissimi</span> <span class='ocrx_word' id='word_1_264' title='bbox 549 2988 602 3043; x_wconf 87' lang='lat' dir='ltr'>viri</span> <span class='ocrx_word' id='word_1_265' title='bbox 621 2988 677 3060; x_wconf 79' lang='lat' dir='ltr'>jam</span> <span class='ocrx_word' id='word_1_266' title='bbox 696 2988 843 3047; x_wconf 68' lang='lat' dir='ltr'>ostendere.</span> <span class='ocrx_word' id='word_1_267' title='bbox 881 2988 1034 3062; x_wconf 86' lang='lat' dir='ltr'>Corruptos</span> <span class='ocrx_word' id='word_1_268' title='bbox 1052 2998 1144 3043; x_wconf 85' lang='lat' dir='ltr'>nutem</span> <span class='ocrx_word' id='word_1_269' title='bbox 1157 2985 1225 3045; x_wconf 88' lang='lat' dir='ltr'>dicit</span> 
     </span>
     <span class='ocr_line' id='line_1_35' title="bbox 196 3059 1219 3141; baseline 0.001 -22"><span class='ocrx_word' id='word_1_270' title='bbox 196 3062 298 3119; x_wconf 89' lang='lat' dir='ltr'>milites</span> <span class='ocrx_word' id='word_1_271' title='bbox 313 3061 445 3121; x_wconf 78' lang='lat' dir='ltr'>iicrificiis</span> <span class='ocrx_word' id='word_1_272' title='bbox 460 3062 635 3141; x_wconf 64' lang='lat' dir='ltr'>quotidianis,</span> <span class='ocrx_word' id='word_1_273' title='bbox 655 3080 705 3138; x_wconf 91' lang='lat' dir='ltr'>pro</span> <span class='ocrx_word' id='word_1_274' title='bbox 723 3077 765 3120; x_wconf 87' lang='lat' dir='ltr'>ter</span> <span class='ocrx_word' id='word_1_275' title='bbox 777 3063 866 3140; x_wconf 86' lang='lat' dir='ltr'>epulas</span> <span class='ocrx_word' id='word_1_276' title='bbox 878 3060 975 3126; x_wconf 83' lang='lat' dir='ltr'>sacras,</span> <span class='ocrx_word' id='word_1_277' title='bbox 994 3059 1092 3139; x_wconf 85' lang='lat' dir='ltr'>quibus</span> <span class='ocrx_word' id='word_1_278' title='bbox 1098 3060 1219 3140; x_wconf 70' lang='lat' dir='ltr'>figinati,</span> 
     </span>
     <span class='ocr_line' id='line_1_36' title="bbox 193 3082 1216 3275; baseline 0.005 -80"><span class='ocrx_word' id='word_1_279' title='bbox 193 3138 303 3197; x_wconf 82' lang='lat' dir='ltr'>viliores</span> <span class='ocrx_word' id='word_1_280' title='bbox 317 3134 433 3219; x_wconf 67' lang='lat' dir='ltr'>verique</span> <span class='ocrx_word' id='word_1_281' title='bbox 447 3140 576 3199; x_wconf 88' lang='lat' dir='ltr'>militares</span> <span class='ocrx_word' id='word_1_282' title='bbox 587 3136 661 3197; x_wconf 84' lang='lat' dir='ltr'>cibos</span> <span class='ocrx_word' id='word_1_283' title='bbox 673 3082 848 3199; x_wconf 45' lang='lat' dir='ltr'>faxidiebant.</span> <span class='ocrx_word' id='word_1_284' title='bbox 867 3134 948 3196; x_wconf 76' lang='lat' dir='ltr'>Plane</span> <span class='ocrx_word' id='word_1_285' title='bbox 961 3138 1033 3196; x_wconf 88' lang='lat' dir='ltr'>idem</span> <span class='ocrx_word' id='word_1_286' title='bbox 1042 3138 1123 3197; x_wconf 86' lang='lat' dir='ltr'>refert</span> <span class='ocrx_word' id='word_1_287' title='bbox 1128 3138 1216 3275; x_wconf 53' lang='lat' dir='ltr'>degu-</span> 
     </span>
     <span class='ocr_line' id='line_1_37' title="bbox 191 3212 1216 3293; baseline 0.005 -22"><span class='ocrx_word' id='word_1_288' title='bbox 191 3212 267 3273; x_wconf 87' lang='lat' dir='ltr'>liano</span> <span class='ocrx_word' id='word_1_289' title='bbox 280 3218 469 3276; x_wconf 82' lang='lat' dir='ltr'>Nazianzenus</span> <span class='ocrx_word' id='word_1_290' title='bbox 482 3242 491 3285; x_wconf 76' lang='lat'>3</span> <span class='ocrx_word' id='word_1_291' title='bbox 512 3236 563 3275; x_wconf 90' lang='lat' dir='ltr'>nec</span> <span class='ocrx_word' id='word_1_292' title='bbox 581 3216 652 3273; x_wconf 89' lang='lat' dir='ltr'>mihi</span> <span class='ocrx_word' id='word_1_293' title='bbox 665 3213 781 3275; x_wconf 87' lang='lat' dir='ltr'>dubium</span> <span class='ocrx_word' id='word_1_294' title='bbox 793 3216 850 3276; x_wconf 85' lang='lat' dir='ltr'>est.</span> <span class='ocrx_word' id='word_1_295' title='bbox 869 3216 938 3293; x_wconf 88' lang='lat' dir='ltr'>quin</span> <span class='ocrx_word' id='word_1_296' title='bbox 950 3214 1066 3273; x_wconf 87' lang='lat' dir='ltr'>desertor</span> <span class='ocrx_word' id='word_1_297' title='bbox 1078 3215 1140 3282; x_wconf 83' lang='lat' dir='ltr'>ille,</span> <span class='ocrx_word' id='word_1_298' title='bbox 1181 3235 1216 3277; x_wconf 86' lang='lat' dir='ltr'>ve</span> 
     </span>
     <span class='ocr_line' id='line_1_38' title="bbox 191 3293 1216 3373; baseline 0.006 -25"><span class='ocrx_word' id='word_1_299' title='bbox 191 3293 359 3373; x_wconf 75' lang='lat' dir='ltr'>transfugam</span> <span class='ocrx_word' id='word_1_300' title='bbox 371 3296 458 3353; x_wconf 88' lang='lat' dir='ltr'>dicere</span> <span class='ocrx_word' id='word_1_301' title='bbox 469 3296 568 3356; x_wconf 84' lang='lat' dir='ltr'>maris.</span> <span class='ocrx_word' id='word_1_302' title='bbox 588 3294 676 3351; x_wconf 86' lang='lat' dir='ltr'>multa</span> <span class='ocrx_word' id='word_1_303' title='bbox 691 3294 854 3353; x_wconf 79' lang='lat' dir='ltr'>Diocletiani</span> <span class='ocrx_word' id='word_1_304' title='bbox 866 3296 895 3351; x_wconf 83' lang='lat'>&amp;</span> <span class='ocrx_word' id='word_1_305' title='bbox 911 3300 1049 3369; x_wconf 65' lang='lat' dir='ltr'>armatas</span> <span class='ocrx_word' id='word_1_306' title='bbox 1061 3293 1216 3370; x_wconf 84' lang='lat' dir='ltr'>principum</span> 
     </span>
     <span class='ocr_line' id='line_1_39' title="bbox 194 3364 1247 3463; baseline 0.009 -41"><span class='ocrx_word' id='word_1_307' title='bbox 194 3366 229 3423; x_wconf 87' lang='lat' dir='ltr'>srt</span> <span class='ocrx_word' id='word_1_308' title='bbox 243 3370 376 3439; x_wconf 66' lang='lat' dir='ltr'>imitatura</span> <span class='ocrx_word' id='word_1_309' title='bbox 396 3372 477 3463; x_wconf 77' lang='lat' dir='ltr'>idque</span> <span class='ocrx_word' id='word_1_310' title='bbox 491 3372 593 3429; x_wconf 87' lang='lat' dir='ltr'>constat</span> <span class='ocrx_word' id='word_1_311' title='bbox 612 3390 645 3429; x_wconf 83' lang='lat' dir='ltr'>ex</span> <span class='ocrx_word' id='word_1_312' title='bbox 664 3372 810 3431; x_wconf 73' lang='lat' dir='ltr'>lnvefflvis</span> <span class='ocrx_word' id='word_1_313' title='bbox 827 3370 908 3429; x_wconf 68' lang='lat' dir='ltr'>santii</span> <span class='ocrx_word' id='word_1_314' title='bbox 929 3368 1000 3427; x_wconf 90' lang='lat' dir='ltr'>illius</span> <span class='ocrx_word' id='word_1_315' title='bbox 1013 3369 1109 3437; x_wconf 75' lang='lat' dir='ltr'>Patris,</span> <span class='ocrx_word' id='word_1_316' title='bbox 1129 3390 1215 3450; x_wconf 89' lang='lat' dir='ltr'>quem</span> <span class='ocrx_word' id='word_1_317' title='bbox 1235 3364 1247 3379; x_wconf 82' lang='grc'><strong><em>’</em></strong></span> 
     </span>
     <span class='ocr_line' id='line_1_40' title="bbox 191 3442 1216 3526; baseline 0 -21"><span class='ocrx_word' id='word_1_318' title='bbox 191 3442 260 3502; x_wconf 77' lang='lat' dir='ltr'>dixi.</span> <span class='ocrx_word' id='word_1_319' title='bbox 300 3450 384 3505; x_wconf 87' lang='lat' dir='ltr'>Porro</span> <span class='ocrx_word' id='word_1_320' title='bbox 393 3448 562 3508; x_wconf 82' lang='lat' dir='ltr'>scribendum</span> <span class='ocrx_word' id='word_1_321' title='bbox 576 3446 626 3507; x_wconf 73' lang='lat' dir='ltr'>ell‘e</span> <span class='ocrx_word' id='word_1_322' title='bbox 638 3460 803 3525; x_wconf 78' lang='lat' dir='ltr'>expungeret.</span> <span class='ocrx_word' id='word_1_323' title='bbox 825 3450 838 3522; x_wconf 84' lang='grc'>(</span> <span class='ocrx_word' id='word_1_324' title='bbox 843 3446 986 3526; x_wconf 77' lang='lat' dir='ltr'>quomodo</span> <span class='ocrx_word' id='word_1_325' title='bbox 997 3445 1158 3519; x_wconf 84' lang='lat' dir='ltr'>jamdudum</span> <span class='ocrx_word' id='word_1_326' title='bbox 1170 3463 1216 3525; x_wconf 82' lang='lat' dir='ltr'>tp·</span> 
     </span>
     <span class='ocr_line' id='line_1_41' title="bbox 190 3520 1235 3603; baseline 0.009 -28"><span class='ocrx_word' id='word_1_327' title='bbox 190 3520 234 3597; x_wconf 88' lang='lat' dir='ltr'>pis</span> <span class='ocrx_word' id='word_1_328' title='bbox 246 3539 292 3577; x_wconf 89' lang='lat' dir='ltr'>me</span> <span class='ocrx_word' id='word_1_329' title='bbox 305 3538 412 3581; x_wconf 82' lang='lat' dir='ltr'>curante</span> <span class='ocrx_word' id='word_1_330' title='bbox 422 3526 575 3603; x_wconf 79' lang='lat' dir='ltr'>exprell&#39;um</span> <span class='ocrx_word' id='word_1_331' title='bbox 587 3525 640 3597; x_wconf 86' lang='lat' dir='ltr'>est)</span> <span class='ocrx_word' id='word_1_332' title='bbox 662 3545 717 3582; x_wconf 91' lang='lat' dir='ltr'>non</span> <span class='ocrx_word' id='word_1_333' title='bbox 729 3538 887 3603; x_wconf 80' lang='lat' dir='ltr'>expugnaret</span> <span class='ocrx_word' id='word_1_334' title='bbox 895 3564 904 3590; x_wconf 93' lang='lat'>,</span> <span class='ocrx_word' id='word_1_335' title='bbox 923 3522 993 3581; x_wconf 85' lang='lat' dir='ltr'>vidit</span> <span class='ocrx_word' id='word_1_336' title='bbox 1002 3524 1085 3581; x_wconf 88' lang='lat' dir='ltr'>etiam</span> <span class='ocrx_word' id='word_1_337' title='bbox 1097 3524 1138 3582; x_wconf 90' lang='lat' dir='ltr'>Ill.</span> <span class='ocrx_word' id='word_1_338' title='bbox 1159 3527 1218 3585; x_wconf 86' lang='lat' dir='ltr'>Cu·</span> <span class='ocrx_word' id='word_1_339' title='bbox 1233 3563 1235 3566; x_wconf 94' lang='lat'>-</span> 
     </span>
     <span class='ocr_line' id='line_1_42' title="bbox 191 3600 1215 3681; baseline 0.006 -29"><span class='ocrx_word' id='word_1_340' title='bbox 191 3616 281 3674; x_wconf 86' lang='lat' dir='ltr'>perus.</span> <span class='ocrx_word' id='word_1_341' title='bbox 321 3602 446 3681; x_wconf 86' lang='lat' dir='ltr'>Expungi</span> <span class='ocrx_word' id='word_1_342' title='bbox 459 3616 550 3661; x_wconf 90' lang='lat' dir='ltr'>autem</span> <span class='ocrx_word' id='word_1_343' title='bbox 563 3604 691 3668; x_wconf 75' lang='lat' dir='ltr'>nomina,</span> <span class='ocrx_word' id='word_1_344' title='bbox 703 3602 749 3661; x_wconf 89' lang='lat' dir='ltr'>seu</span> <span class='ocrx_word' id='word_1_345' title='bbox 760 3603 934 3663; x_wconf 88' lang='lat' dir='ltr'>debita,cum</span> <span class='ocrx_word' id='word_1_346' title='bbox 948 3600 1102 3667; x_wconf 82' lang='lat' dir='ltr'>solvuntur,</span> <span class='ocrx_word' id='word_1_347' title='bbox 1122 3606 1150 3661; x_wconf 76' lang='grc' dir='ltr'>δι</span> <span class='ocrx_word' id='word_1_348' title='bbox 1163 3602 1215 3659; x_wconf 87' lang='lat' dir='ltr'>ho·</span> 
     </span>
     <span class='ocr_line' id='line_1_43' title="bbox 193 3674 1214 3757; baseline 0.004 -26"><span class='ocrx_word' id='word_1_349' title='bbox 193 3674 284 3731; x_wconf 86' lang='lat' dir='ltr'>mines</span> <span class='ocrx_word' id='word_1_350' title='bbox 298 3674 366 3751; x_wconf 90' lang='lat' dir='ltr'>ipsos</span> <span class='ocrx_word' id='word_1_351' title='bbox 378 3676 413 3734; x_wconf 85' lang='lat' dir='ltr'>sic</span> <span class='ocrx_word' id='word_1_352' title='bbox 426 3682 556 3757; x_wconf 79' lang='lat' dir='ltr'>expungi,</span> <span class='ocrx_word' id='word_1_353' title='bbox 579 3694 678 3738; x_wconf 89' lang='lat' dir='ltr'>notum</span> <span class='ocrx_word' id='word_1_354' title='bbox 690 3680 727 3737; x_wconf 88' lang='lat' dir='ltr'>est</span> <span class='ocrx_word' id='word_1_355' title='bbox 739 3699 774 3738; x_wconf 88' lang='lat' dir='ltr'>ex</span> <span class='ocrx_word' id='word_1_356' title='bbox 795 3678 985 3743; x_wconf 87' lang='lat' dir='ltr'>Tertulliano,</span> <span class='ocrx_word' id='word_1_357' title='bbox 1011 3678 1059 3755; x_wconf 88' lang='lat' dir='ltr'>qui</span> <span class='ocrx_word' id='word_1_358' title='bbox 1077 3676 1113 3737; x_wconf 86' lang='lat' dir='ltr'>fic</span> <span class='ocrx_word' id='word_1_359' title='bbox 1124 3679 1214 3757; x_wconf 89' lang='lat' dir='ltr'>loqui-</span> 
     </span>
     <span class='ocr_line' id='line_1_44' title="bbox 190 3750 1214 3834; baseline 0 -25"><span class='ocrx_word' id='word_1_360' title='bbox 190 3765 241 3809; x_wconf 83' lang='lat' dir='ltr'>tur</span> <span class='ocrx_word' id='word_1_361' title='bbox 255 3750 480 3828; x_wconf 85' lang='lat' dir='ltr'>frequentiffinie‚</span> <span class='ocrx_word' id='word_1_362' title='bbox 500 3754 608 3833; x_wconf 87' lang='lat' dir='ltr'>aliisque</span> <span class='ocrx_word' id='word_1_363' title='bbox 620 3759 702 3814; x_wconf 85' lang='lat' dir='ltr'>etiam</span> <span class='ocrx_word' id='word_1_364' title='bbox 716 3757 926 3823; x_wconf 77' lang='lat' dir='ltr'>vetustioribus3</span> <span class='ocrx_word' id='word_1_365' title='bbox 946 3754 1093 3834; x_wconf 89' lang='lat' dir='ltr'>docuitque</span> <span class='ocrx_word' id='word_1_366' title='bbox 1119 3761 1132 3811; x_wconf 80' lang='grc' dir='ltr'>ο·</span> <span class='ocrx_word' id='word_1_367' title='bbox 1150 3760 1214 3813; x_wconf 67' lang='grc' dir='ltr'>πάνυ</span> 
     </span>
     <span class='ocr_line' id='line_1_45' title="bbox 190 3828 1212 3911; baseline -0.001 -26"><span class='ocrx_word' id='word_1_368' title='bbox 190 3830 222 3885; x_wconf 89' lang='lat' dir='ltr'>in</span> <span class='ocrx_word' id='word_1_369' title='bbox 238 3828 349 3887; x_wconf 84' lang='lat' dir='ltr'>Observ.</span> <span class='ocrx_word' id='word_1_370' title='bbox 364 3830 395 3888; x_wconf 88' lang='lat' dir='ltr'>ad</span> <span class='ocrx_word' id='word_1_371' title='bbox 407 3834 500 3907; x_wconf 87' lang='lat' dir='ltr'>Script.</span> <span class='ocrx_word' id='word_1_372' title='bbox 522 3832 618 3891; x_wconf 86' lang='lat' dir='ltr'>Eccles.</span> <span class='ocrx_word' id='word_1_373' title='bbox 645 3834 800 3911; x_wconf 83' lang='lat' dir='ltr'>Qomodo</span> <span class='ocrx_word' id='word_1_374' title='bbox 811 3836 893 3893; x_wconf 87' lang='lat' dir='ltr'>etiarn</span> <span class='ocrx_word' id='word_1_375' title='bbox 907 3836 933 3889; x_wconf 92' lang='lat' dir='ltr'>S.</span> <span class='ocrx_word' id='word_1_376' title='bbox 948 3835 1112 3911; x_wconf 82' lang='lat' dir='ltr'>Cyprianus,</span> <span class='ocrx_word' id='word_1_377' title='bbox 1131 3829 1212 3903; x_wconf 89' lang='lat' dir='ltr'>Epist.</span> 
     </span>
     <span class='ocr_line' id='line_1_46' title="bbox 192 3906 1215 3989; baseline 0.001 -23"><span class='ocrx_word' id='word_1_378' title='bbox 192 3908 245 3983; x_wconf 80' lang='lat'>38,</span> <span class='ocrx_word' id='word_1_379' title='bbox 254 3914 372 3987; x_wconf 76' lang='lat' dir='ltr'>Cumque</span> <span class='ocrx_word' id='word_1_380' title='bbox 384 3928 426 3985; x_wconf 79' lang='lat' dir='ltr'>ego</span> <span class='ocrx_word' id='word_1_381' title='bbox 437 3928 482 3967; x_wconf 83' lang='lat' dir='ltr'>vos</span> <span class='ocrx_word' id='word_1_382' title='bbox 491 3922 537 3987; x_wconf 82' lang='lat' dir='ltr'>pro</span> <span class='ocrx_word' id='word_1_383' title='bbox 548 3928 589 3970; x_wconf 81' lang='lat' dir='ltr'>mr</span> <span class='ocrx_word' id='word_1_384' title='bbox 600 3914 709 3973; x_wconf 80' lang='lat' dir='ltr'>vicarios</span> <span class='ocrx_word' id='word_1_385' title='bbox 716 3914 842 3989; x_wconf 85' lang='lat' dir='ltr'>miserim,</span> <span class='ocrx_word' id='word_1_386' title='bbox 861 3926 892 3971; x_wconf 84' lang='lat' dir='ltr'>ut</span> <span class='ocrx_word' id='word_1_387' title='bbox 905 3915 1079 3989; x_wconf 74' lang='lat' dir='ltr'>expungeretis</span> <span class='ocrx_word' id='word_1_388' title='bbox 1091 3906 1215 3982; x_wconf 79' lang='lat' dir='ltr'>aecefflta·</span> 
     </span>
    </p>

    <p class='ocr_par' dir='ltr' id='par_1_11' title="bbox 714 3996 1215 4061">
     <span class='ocr_line' id='line_1_47' title="bbox 714 3996 1215 4061; baseline -0.016 -12"><span class='ocrx_word' id='word_1_389' title='bbox 714 3996 741 4049; x_wconf 79' lang='lat' dir='ltr'><em>V</em></span> <span class='ocrx_word' id='word_1_390' title='bbox 754 4010 775 4047; x_wconf 82' lang='lat' dir='ltr'><em>v</em></span> <span class='ocrx_word' id='word_1_391' title='bbox 791 4005 811 4061; x_wconf 82' lang='lat'>4</span> <span class='ocrx_word' id='word_1_392' title='bbox 1176 3998 1215 4042; x_wconf 79' lang='lat' dir='ltr'>ter</span> 
     </span>
    </p>
   </div>
   <div class='ocr_carea' id='block_1_5' title="bbox 0 0 1476 4634">
    <p class='ocr_par' dir='ltr' id='par_1_12' title="bbox 0 0 1476 4634">
     <span class='ocr_line' id='line_1_48' title="bbox 0 0 1476 4634; baseline 0 5"><span class='ocrx_word' id='word_1_393' title='bbox 0 0 1476 4634; x_wconf 95' lang='lat' dir='ltr'> </span> 
     </span>
    </p>
   </div>
  </div>
 </body>
</html>
