2942 4634
338 265 513 380 Norat
553 330 619 378 nn
663 307 1074 379 Lacrnurrun.
1176 310 1220 406 87

197 421 322 497 gmtam.
340 440 423 501 quam
433 438 530 481 vooem
541 422 570 480 in
587 421 641 479 suis
659 419 824 480 versionibus
835 416 906 479 reat
918 420 1046 479 Ruffiuus
1059 423 1087 479 ὅ(
1098 421 1217 481 Valefius
1311 466 1314 474 .

160 559 165 570 ,
201 498 381 562 retinuenmt‚
401 498 659 576 christophorsonus
670 496 743 556 mal&
754 498 854 556 omisit.
895 496 1046 557 Laiiantius
1059 498 1086 554 in
1099 498 1168 557 libro
1182 500 1216 557 de

201 574 240 630 ira
252 576 304 634 Dei
316 593 373 653 cap.
386 594 434 633 xx.
445 573 476 649 fi
483 578 552 633 nobr'e
565 576 725 651 indulgentia
743 575 835 632 colitur
847 576 954 633 unierit.
974 574 1042 631 'Atta
1060 573 1215 633 sancitorum
1295 592 1298 599 ·

200 653 334 709 Saturnini
347 693 356 719 ,
375 654 487 719 Dativi,
507 658 535 712 δε
548 654 640 711 Felicis
657 672 712 729 cap.
726 669 762 707 x1
771 671 780 711 r
789 672 811 709 r.
850 646 918 733 ,ἐξά
928 650 989 708 uult
1000 672 1034 708 ex
1045 652 1116 707 vobis
1127 656 1164 710 ad
1175 658 1216 710 in·
1243 716 1245 721 ,

197 727 360 815 dulgentiam
368 733 515 805 pervenire,
534 745 567 787 ut
573 729 670 806 salvus
682 728 727 804 effe
734 731 803 807 poffit
809 769 818 795 ,
835 736 993 816 profiteatur.
1032 732 1147 803 Optatus
1160 724 1223 787 Μὶ-Ι

198 803 332 873 leostanus
340 808 369 864 in
382 806 452 864 libro
464 808 556 884 pn'mo
573 830 583 862 e
605 806 745 883 Tempestas
760 806 936 883 persecutionis
944 804 1047 879 peralta
1060 804 1095 875 ῤ’
1108 804 1223 881 definita·

197 878 239 951 ell-
276 882 482 961 Jabentettem
501 882 688 959 indulgentiam
700 884 818 939 mittente
837 884 991 941 Maxentio,
1012 880 1162 955 Christianis
1180 882 1213 939 li-

195 957 282 1013 beeeas
293 958 463 1036 nierjlituta.
483 964 519 1017 D.
532 960 696 1039 Augustinus
707 959 860 1036 frequenter
870 957 1096 1017 hancvocernusu
1142 973 1154 1014 t
1167 960 1212 1017 ad-

196 1032 286 1089 vertiis
296 1036 447 1094 Donatista
457 1050 546 1115 quum
559 1037 679 1114 loquitur
696 1036 731 1094 de
749 1034 877 1113 rescriptis
895 1035 1051 1111 Principum
1069 1038 1116 1113 qui
1135 1054 1164 1092 us
1176 1035 1210 1093 li-

195 1106 325 1169 bertatem
337 1114 378 1171 sui
389 1114 526 1191 dogmatis
536 1114 661 1172 dederant
671 1112 766 1170 iisdem
779 1110 930 1169 Donatistis.
1308 1140 1313 1151 ι

232 1188 387 1247 Gonnum
410 1188 552 1263 turono]
574 1192 689 1246 Certum
701 1190 739 1246 est
750 1190 811 1246 heic
829 1190 871 1267 agi
890 1190 923 1247 de
933 1186 1023 1247 editio
1035 1186 1109 1267 quod
1121 1190 1211 1246 entre-v

192 1260 360 1326 monaterii
371 1266 537 1341 temporibus
547 1267 653 1324 editum
664 1266 701 1322 est
712 1267 740 1323 in
753 1266 873 1323 savorem
888 1266 1111 1323 Christianorum.
1132 1274 1209 1324 Com-
1249 1262 1252 1272 ’
1274 1306 1278 1317 ,

191 1340 269 1393 miani
279 1352 372 1399 autem
383 1342 464 1399 tutela
475 1342 545 1401 dixit
555 1361 605 1419 pro
617 1344 760 1401 communi
772 1340 906 1400 consensu.
946 1346 1022 1399 Hanc
1041 1360 1139 1400 vocem
1152 1362 1208 1401 non

191 1415 279 1488 reperi
290 1415 373 1475 alibi!
384 1418 506 1477 Fortassis
518 1420 555 1476 est
566 1432 698 1497 corrupta.
738 1420 787 1478 Vir
797 1417 1125 1477 dotuffimustcsummus
1137 1422 1206 1476 ami-

192 1495 583 1649 fflffiffl
587 1496 746 1631 sinisii?
759 1514 871 1631 ’duffii
884 1494 1208 1630 instillasse?

191 1642 274 1701 clefiae
288 1648 399 1707 Graecae.
417 1668 478 1725 pag.
493 1654 554 1706 662.
574 1651 662 1710 censet
680 1650 865 1727 reponendum
878 1648 929 1707 etse
947 1647 1029 1705 titula.
1050 1650 1149 1705 Eadem
1169 1650 1206 1707 est

189 1716 317 1780 sententia
330 1727 428 1801 Cuperi
443 1730 471 1785 δι
483 1726 623 1785 Columbi.
650 1726 775 1807 Sparkius
787 1724 853 1786 verb
864 1725 949 1785 tutela
960 1722 1092 1789 rescribit,
1112 1726 1206 1783 admo-

188 1799 374 1933 witigim
385 1801 475 1861 ritum
494 1804 630 1883 quendam
649 1804 762 1862 dotium
782 1800 797 1863 ὲ
816 1803 870 1862 suis
888 1796 1039 1861 existimare
1058 1802 1205 1881 legendum

225 1892 241 1929 e
266 1896 276 1930 r
331 1922 338 1933 .
679 1906 683 1918 ·

224 1952 422 2014 Sunonunrts
443 1958 699 2032 naonrronrnus]
721 1961 788 2017 Haec
806 1956 925 2036 pluribus
943 1954 1057 2042 explicat
1077 1947 1204 2013 Eusebius

184 2020 233 2080 lib.
250 2044 293 2081 rx.
306 2048 361 2104 cap.
379 2048 419 2087 rr.
432 2033 542 2093 initium
553 2036 655 2095 fastum
665 2037 759 2096 'dioens
771 2036 804 2093 ab
822 2033 1053 2091 Antiochensibus.
1094 2032 1144 2087 Sed
1166 2028 1202 2099 ό·

182 2099 263 2159 alios,
283 2103 371 2181 inquit
382 2109 521 2171 Ruffinus‚
538 2109 706 2187 perfingulat
716 2114 838 2169 civitates
846 2106 967 2185 fimiliter
977 2106 1123 2163 deterrimos
1134 2109 1202 2163 cives

182 2176 223 2230 ad
226 2172 314 2250 fimtle
319 2178 424 2254 faciam
435 2186 556 2257 impellit,
575 2187 610 2253 ό·
629 2206 663 2241 ex
675 2186 790 2241 omnibus
802 2187 936 2259 provinciis
948 2182 983 2239 hu
991 2182 1119 2253 'ascemodi
1130 2180 1201 2255 lega-

182 2254 280 2309 tionem
289 2257 368 2332 dirigi
377 2262 508 2334 componit.
547 2258 619 2334 Qrae
630 2259 712 2315 verba
728 2257 790 2314 ideo
809 2259 888 2314 retuli
908 2254 963 2339 qui>
1001 2254 1130 2333 apertiora
1149 2258 1200 2314 lint

182 2324 268 2405 quim
280 2333 373 2391 Graeoe
384 2334 499 2393 Eusebii.

222 2408 424 2469 Sacranos-rs
445 2413 606 2488 unxrnos]
628 2406 1196 2471 HaecoonfirmanturabEuscbiolrb.vrrr.

162 2498 166 2507 ’
180 2498 238 2557 otp.
252 2503 315 2543 xiv.
334 2492 364 2547 bc
382 2489 429 2547 lib.
448 2508 490 2561 rar.
504 2510 560 2569 oep.
577 2510 620 2548 rr.
647 2487 717 2547 Vide
729 2486 827 2545 Valesri
839 2486 1021 2545 annotationes
1033 2484 1068 2551 ad
1080 2487 1196 2545 eundem
1315 2524 1318 2529 -

180 2557 327 2620 Eusebium
337 2584 398 2645 pag.
416 2571 477 2639 169.

218 2638 383 2698 Cnnnrnrr
404 2660 600 2699 canturam.
622 2642 780 2717 onnnros]
801 2635 1195 2699 Eusebiusinlociomonconr-

127 2742 134 2759 ι
177 2718 338 2798 memoratis
356 2718 466 2775 adnotat
481 2719 592 2796 quidem
611 2718 698 2777 addita
714 2730 872 2777 ornamenta
882 2714 1060 2776 sacerdotibus
1071 2736 1118 2793 per
1127 2735 1194 2807 pro-

177 2791 278 2874 yrncias
291 2792 443 2850 constitutis
454 2791 471 2850 ὲ
482 2796 650 2861 Maximino,
669 2800 841 2874 quaecoiircet
853 2794 885 2853 ad
898 2794 1014 2851 militare
1030 2792 1194 2859 satellitium,

175 2864 205 2921 td
217 2866 270 2932 est,
290 2870 323 2927 ad
334 2868 440 2929 nones
452 2874 654 2947 &apparitores
674 2874 772 2950 quade
784 2892 814 2929 re
824 2872 886 2932 vide
898 2870 1082 2927 annotationes
1090 2870 1194 2927 Valesri.

175 2942 377 3004 Attattantius
387 2946 460 3003 addit
471 2946 550 3005 illum
560 2948 658 3023 juffiffe
668 2963 701 3003 ut
711 2946 853 3005 Pontifices
864 2946 918 3011 illi,
938 2946 986 3023 qui
998 2944 1075 3021 super
1085 2948 1194 3020 provin-

176 3020 229 3077 cias
247 3036 343 3089 erant,
363 3023 517 3081 incederent
535 3025 622 3081 ornati
640 3023 757 3097 candidis
775 3022 970 3099 chlamydibus.
1011 3022 1194 3097 Chlamydem

175 3109 268 3155 autem
280 3100 341 3157 heic
354 3100 456 3178 accipio
466 3119 517 3177 pro
528 3100 735 3177 paludamento,
754 3111 787 3156 ut
797 3099 866 3177 apud
879 3097 1021 3162 Nonium,
1041 3096 1087 3154 seu
1098 3098 1144 3155 illa
1156 3098 1194 3155 al·

175 3172 218 3231 bat
231 3176 327 3235 tunicae
336 3176 438 3255 specie,
457 3196 523 3235 auro
535 3177 671 3235 interdurn
684 3174 817 3241 limbatae,
838 3194 891 3253 qua
897 3174 1039 3235 utebantur
1050 3172 1099 3231 soli
1112 3175 1193 3231 mini-

174 3248 223 3307 stri
237 3254 444 3329 Imperatorum.
463 3253 498 3313 db
535 3254 612 3313 uibus
628 3251 706 3343 plura
724 3250 912 3310 Salmasiusin
930 3248 1001 3307 notis
1019 3248 1051 3307 ad
1071 3252 1192 3329 Lampri-

174 3325 255 3385 dium
264 3348 324 3407 pag.
339 3346 400 3403 ²4¹·
419 3322 512 3411 ltaque
591 3331 691 3387 immus
708 3328 791 3387 vestes
809 3328 994 3387 ministrorum
1013 3324 1192 3405 palatinorum

175 3409 389 3467 communicavit
400 3428 465 3467 cum
477 3406 591 3467 summis
602 3406 777 3467 Pontificibus
808 3426 856 3464 uos
866 3424 912 3483 per
925 3402 1072 3481 provincias
1084 3407 1192 3463 ordina-

173 3482 225 3539 vit.
264 3483 300 3537 Et
312 3482 375 3541 hinc
385 3484 498 3544 fortassis
508 3484 683 3563 explicabitur
694 3483 769 3543 locus
781 3422 825 3544 iile
837 3480 964 3543 Trebellii
977 3480 1104 3540 Pollionis
1117 3484 1145 3540 in
1153 3486 1189 3540 D.

175 3556 308 3644 Claudio,
328 3558 470 3643 chlamydes
476 3566 534 3621 ueri
546 3563 652 3621 laminir
662 3560 786 3621 limbatas
797 3562 876 3627 dune,
895 3556 1190 3619 ubiSalmasrusvenrm

173 3634 272 3693 lumen
282 3646 466 3714 interpretatur
477 3639 511 3698 de
522 3639 613 3699 colore
623 3646 767 3717 purpureo.

213 3714 418 3780 Drarmrnnr
440 3718 572 3793 Jussrr]
593 3716 662 3774 Vide
674 3716 819 3775 Eusebium
833 3710 967 3773 lib.vrrr.
981 3732 1105 3793 capati.
1121 3717 1148 3772 &
1161 3712 1190 3773 in
1308 3758 1310 3765 -

172 3788 245 3847 libro
289 3789 296 3800 '
328 3790 392 3850 ode
404 3792 458 3851 vita
475 3794 643 3851 Constantini
661 3814 717 3871 cap.
740 3811 841 3852 nvrrr.
861 3792 908 3849 ubi
926 3792 955 3851 in
974 3792 1190 3871 interpretatione

172 3864 224 3942 ινηί
263 3866 387 3947 'irtepfit
397 3886 503 3931 nomen
513 3870 611 3931 Licinii
620 3888 672 3950 pro
670 3871 797 4025 annpine
811 3869 967 3953 Maximini.
1134 3944 1188 3999 EF·
1252 3919 1255 3929 .
