2942 4634
316 293 501 365 Nora
551 310 609 362 ru
657 289 1073 364 Lac-ranarum.
1152 314 1209 386 143

193 416 375 480 Taurorum
390 423 582 486 anrcrrrs,
593 422 791 479 &Patremon
805 425 907 480 anrc.
921 425 949 480 δι
963 424 1069 480 Frntc.
1083 422 1210 479 Sncunr

181 495 226 557 ,in
238 500 357 556 nummis
368 500 521 556 Commodi
528 540 536 564 ‚
543 501 629 562 Getae,
640 497 790 564 Caracalla,
798 499 947 558 &aliorum
956 519 963 554 ·.
971 501 1030 556 imo
1036 501 1065 556 in
1073 517 1130 556 uno
1137 517 1213 576 pere-

194 574 312 654 leganter
330 579 467 632 Patrem
487 580 677 634 Tannonun.
698 575 815 634 Felicem
828 577 911 654 igitur
922 577 958 632 ita
969 575 1030 635 se&
1044 575 1215 637 beatum‚uti

194 653 334 728 praecedit,
353 651 414 710 fore
425 653 540 728 putabat.
569 655 604 709 Et
615 650 652 708 fic
662 652 793 712 beatitudo
802 653 906 729 pubb'ca
927 654 1043 710 occurrit
1055 652 1125 710 infra
1136 673 1160 712 c.
1168 653 1215 722 48.

195 729 328 804 beatiffimi
340 731 451 807 cesares
470 729 540 807 apud
552 729 650 786 Nazar.
665 749 694 786 m
714 773 720 785 .
737 747 761 786 1.
775 733 803 789 δι
817 729 867 788 ult.
879 747 974 806 paneg.
986 731 1124 804 beanffima
1136 731 1217 786 vitte-

195 809 254 870 ria,
277 823 319 880 32.
341 805 473 864 beatitudo
483 807 570 868 urbis,
591 823 633 880 33.
648 809 676 864 lit
715 811 857 882 atiffimum
866 806 989 886 seculum
1002 807 1070 882 apud
1078 811 1143 865 Tac.
1157 823 1179 862 c.
1190 822 1215 880 3.

195 884 289 960 Agric.
321 881 428 960 Qibus
439 903 473 942 ex
486 884 551 941 locis
561 895 655 958 patet,
675 883 729 940 alio
741 883 817 946 t'ensu
833 881 866 942 ri
879 882 971 941 beatus
984 881 1117 942 veteribus
1128 882 1216 948 sumi,

197 977 282 1036 quam
295 959 533 1018 hodietierisolet.
787 971 792 982 ⁴
1190 961 1193 968 '

234 1036 316 1094 Alter
321 1038 624 1111 unoMaximinianun]
641 1038 773 1097 nimirum
780 1037 910 1105 Galerium
918 1037 1055 1116 exquibus
1062 1035 1218 1096 nominibus
1228 1026 1304 1085 0³²·
1315 1033 1360 1100 rx.

196 1114 271 1171 male
283 1113 352 1170 duos
364 1115 477 1172 Caesares
488 1114 554 1171 facit
565 1116 711 1191 jornandes
725 1137 732 1171 ι
752 1117 857 1192 obque
870 1114 1033 1191 constantien
1046 1113 1082 1187 ὸ
1095 1114 1217 1174 cuntur

196 1211 230 1251 uc
241 1193 456 1250 Maximinianae
469 1192 578 1268 Cesares
590 1190 755 1267 asumuntur
766 1197 794 1250 in
805 1212 920 1267 regnum.

239 1268 357 1344 Narseus
369 1277 427 1325 Rex
433 1267 599 1345 Persarum]
627 1269 810 1327 Diocletianus
822 1283 882 1328 ante
893 1269 978 1332 Persas
989 1269 1032 1328 vel
1044 1272 1143 1330 vicerat
1155 1308 1163 1332 .
1174 1267 1220 1328 vel

196 1345 240 1403 illi
262 1361 357 1420 pacem
375 1363 440 1403 cum
460 1345 470 1400 i
488 1344 518 1402 so
535 1343 654 1403 fecerant
673 1367 680 1403 ι
706 1357 770 1403 mm
791 1349 917 1404 Mamett.
936 1349 964 1406 in
983 1353 1111 1426 Panegyr.
1132 1363 1220 1424 quem

197 1421 372 1481 Maximiano
383 1363 514 1480 Hercubo
525 1433 587 1478 ante
599 1423 679 1500 ipsius
690 1423 897 1502 quinquennalia
914 1425 985 1482 dixit
996 1446 1020 1483 c.
1035 1443 1060 1497 7.
1080 1426 1117 1482 ita
1128 1424 1218 1501 loqui-
1278 1477 1280 1482 ,

197 1512 246 1558 tur
266 1519 273 1554 z
294 1503 378 1558 Credo
390 1502 483 1558 itidem
495 1503 618 1576 optimam
630 1503 703 1558 illam
714 1499 883 1579 fertilemque
893 1503 999 1580 Syriam
1010 1501 1084 1557 uelut
1094 1501 1219 1577 amplexu

190 1580 243 1657 sue
254 1575 358 1650 regebat
371 1577 515 1652 Euphrates
528 1617 537 1643 ,
555 1593 696 1655 antequam
708 1577 997 1656 Diocletianespontese
1008 1580 1127 1637 dederam
1138 1597 1218 1652 regna

199 1655 341 1731 Persarum
361 1673 368 1709 ε
388 1653 476 1711 rursus
487 1672 511 1711 c.
526 1675 565 1711 10.
592 1665 648 1711 Hac
665 1658 751 1714 eadem
769 1656 841 1712 meda
856 1675 904 1712 rex
917 1657 958 1712 ille
971 1656 1125 1732 Persarum,
1149 1674 1217 1712 nun·

198 1731 517 1810 quamseantedignatua
523 1730 783 1807 hemitumcmfiteri,
797 1729 887 1809 fratri
899 1741 944 1790 'rue
948 1732 1078 1811 supplicat
1091 1773 1100 1798 ‚
1119 1747 1217 1789 torum-

199 1828 251 1946 tt
295 1810 610 1963 ‘zl‘s‘tgttttfflttz
620 1807 1220 1966 astitistlstszlnglttlnlft

198 1963 321 2022 Unde&
332 1979 388 2037 cap.
400 1983 426 2038 5.
446 1963 575 2021 Genethl.
595 1971 714 2023 Preterea
732 1971 840 2020 Franear
860 1965 899 2022 ad
915 1968 1050 2038 petendam
1059 1974 1148 2036 pacem
1161 1979 1222 2016 cum

197 2037 409 2114 regavenimtes,
428 2041 606 2118 Parthumque
614 2043 686 2099 uobis
693 2059 829 2098 munerum
841 2040 973 2097 miraculis
986 2039 1158 2096 blandientem
1165 2059 1175 2104 ς
1188 2035 1222 2094 de

200 2115 301 2194 quibus
315 2116 471 2172 muneribus
482 2120 565 2174 etiam
578 2120 607 2173 in
619 2119 673 2173 alio
688 2121 817 2190 Panegyr.
830 2114 951 2191 loquitur
963 2133 1019 2190 cap.
1030 2133 1071 2170 ιο.

242 2194 304 2249 Avi
310 2191 357 2266 sui
367 2193 502 2267 Supera]
532 2194 558 2247 Si
576 2194 642 2247 alios
653 2193 812 2267 sequimur,
844 2194 926 2266 Sapor
938 2191 992 2246 fuit
1012 2201 1102 2248 atavus
1115 2187 1218 2246 Narsei.

202 2269 312 2328 Scilicet
325 2271 417 2344 Sapori
433 2267 553 2326 successit
572 2265 642 2322 filius
660 2263 861 2333 Hormisdates;
888 2265 961 2323 hunc
979 2267 1073 2342 exigui
1091 2267 1222 2342 temporis

200 2351 311 2426 Regem
324 2347 429 2422 excepit
439 2351 581 2403 vararanes
594 2369 603 2411 ς
623 2344 748 2422 quicum
762 2339 846 2398 tribus
858 2343 932 2398 annis
943 2341 1092 2420 regnasset,
1113 2343 1222 2420 reliquit

202 2425 294 2485 filium
312 2421 432 2498 ejusdem
450 2421 570 2480 nominis
589 2439 725 2478 annorum
743 2416 844 2494 septem
860 2421 888 2478 bt
901 2419 994 2478 decem
1006 2438 1118 2497 regern:
1138 2421 1219 2480 illum

201 2505 330 2579 sequutus
355 2500 391 2558 est
410 2506 553 2558 vararanes
570 2501 683 2560 tertius,
709 2497 874 2576 cognomine
893 2495 1038 2574 Segansaa,
1064 2499 1127 2578 quia
1145 2509 1220 2574 pater

202 2587 347 2638 vararanes
365 2590 475 2655 gentem
495 2594 555 2633 eam
575 2575 722 2636 devicerat,
743 2575 784 2630 nti
802 2574 889 2633 videre
906 2574 968 2634 licet
986 2575 1055 2652 apud
1074 2575 1220 2654 Agathiam

202 2658 252 2717 lib.
278 2669 305 2724 4.
342 2655 429 2711 Tertii
460 2653 600 2709 vararanis
637 2651 725 2710 tilium
759 2651 856 2710 eruditi
894 2653 996 2710 Narsen
1028 2651 1129 2710 iaciunt
1149 2692 1158 2716 ‚
1189 2655 1219 2711 dt

202 2748 348 2794 excomm
361 2729 490 2786 sententia
552 2729 614 2787 inde
626 2733 707 2807 Sapor
719 2729 776 2802 ejus
787 2743 877 2787 atavus
891 2729 953 2787 fuit.
996 2729 1048 2787 Sed
1058 2741 1149 2787 tamen
1164 2746 1221 2786 non

204 2820 293 2869 narrat
300 2806 426 2882 Agathias
433 2807 490 2862 Nar
500 2811 670 2865 envararane
679 2808 761 2864 tertio
773 2805 851 2863 fuisse
861 2809 1003 2882 genitum,
1022 2809 1146 2939 quamvis
1156 2823 1224 2863 eum

197 2885 340 2962 ‘exceperit
353 2908 361 2952 3
382 2886 411 2942 bt
423 2881 444 2940 st
456 2901 517 2940 vera
527 2885 679 2941 Lattantius
691 2884 780 2941 scribit
793 2923 801 2948 ,
822 2887 957 2962 Saporun
968 2883 1026 2939 Nar
1038 2883 1063 2940 ei
1079 2901 1144 2940 avus
1157 2881 1225 2944 fuit,

204 2967 296 3042 potuit
302 2959 354 3019 elle
384 2961 662 3023 enitusllormisdate,
691 2959 792 3036 ipsique
822 2971 911 3034 ropter
925 2957 1066 3016 infantiam
1079 2959 1226 3016 avunculus

197 3041 348 3130 posteaque
360 2977 408 3093 dii
419 3036 499 3113 ipsius
509 3035 610 3112 praelati
622 3035 691 3092 sunt.
730 3037 788 3093 Nar
800 3054 826 3090 es
845 3048 936 3093 autem
954 3035 1043 3092 noster
1062 3035 1178 3114 regnasse
1190 3035 1223 3093 ab

208 3119 324 3195 Agatlna
334 3115 433 3173 dicitur
446 3132 529 3170 annos
546 3130 609 3170 νη.
628 3110 731 3170 menses
750 3131 777 3168 v.
798 3110 871 3189 quod
891 3123 962 3170 certe
973 3129 1069 3171 vemm
1084 3111 1135 3170 else
1147 3112 1223 3171 nullo

208 3197 293 3253 modo
305 3191 406 3271 potest,
427 3191 446 3247 sr
458 3190 514 3263 jam
528 3206 645 3267 regnum
658 3189 738 3248 Probi
753 3201 876 3264 tempore
890 3189 1010 3247 obtinuit
1028 3213 1037 3246 .·
1057 3189 1186 3267 Vopiscus
1198 3209 1222 3248 c.

213 3275 254 3325 16.
267 3273 328 3328 vitae
339 3268 419 3346 ipsius
431 3269 468 3325 ita
479 3261 622 3401 loquitur:
653 3266 743 3325 Fertur
755 3271 835 3336 etiam
849 3266 946 3342 epistola
968 3269 1056 3330 isiae,
1085 3269 1224 3345 repudiarit

199 3347 280 3402 donet
295 3386 303 3409 ,
322 3365 373 3421 que
384 3353 442 3403 Rex
449 3353 514 3403 Part
534 3365 606 3403 rrum
617 3348 745 3422 miserat,
771 3346 808 3402 ad
820 3346 949 3422 Narseum
961 3344 1023 3404 talia
1036 3344 1087 3424 effe.
1128 3345 1226 3404 Casan-

210 3420 392 3486 bonusnotat,
412 3424 486 3480 hunc
493 3419 627 3482 Narseum
639 3423 718 3480 fuisse
724 3421 859 3479 Armeniae
871 3422 1010 3500 regulum,
1029 3423 1129 3497 jussum
1143 3443 1158 3482 a
1169 3427 1225 3481 Re-

189 3507 192 3515 '
208 3516 244 3574 ge
256 3498 391 3556 Persarum
398 3501 439 3558 vel
447 3500 608 3559 Parthorum
616 3501 802 3559 haecadRom.
817 3499 967 3576 Principem
980 3499 1081 3559 deferre
1095 3519 1223 3566 munera,

209 3579 240 3634 bt
252 3577 420 3632 mentionem
434 3579 466 3636 de
478 3578 532 3634 hoc
544 3576 630 3636 facere
642 3581 707 3636 Aur.
720 3578 861 3634 vitiorem
876 3578 905 3635 in
918 3577 1096 3636 Diocletiano.
1116 3579 1225 3636 Vistori

209 3665 281 3710 certe
293 3651 381 3710 nullus
394 3653 457 3710 alius
473 3651 587 3714 Narseus
605 3656 633 3713 in
651 3653 767 3712 Dioclct.
787 3667 955 3712 memoratur
966 3674 1048 3734 quam
1062 3656 1108 3715 bic
1118 3655 1223 3720 noster,

194 3731 256 3808 qui
263 3729 399 3788 Persarum
411 3733 473 3788 Rex
486 3735 514 3789 δι
528 3749 543 3787 a
555 3733 665 3792 Galerio
672 3732 968 3790 Maximinianovistus
981 3732 1034 3790 fuit
1048 3755 1054 3789 :
1080 3733 1152 3791 unde
1165 3731 1225 3790 sitis

204 3819 277 3885 patet
289 3805 432 3885 superque,
453 3807 623 3869 malerinum
634 3795 1019 3887 dooiffimumnte'mpora&
1027 3810 1148 3888 personas
1160 3827 1226 3866 con·

195 3885 334 4011 ,sundm’
354 3888 383 3946 ἃ
397 3885 626 3949 mlffllffimm
632 3885 767 3967 Narseum
775 3885 1108 3996 V0PiscillaudariVidlori
1120 3885 1224 4026 iqlgiiq:
1303 3913 1307 3930 .
