2942 4634
230 230 275 305 88
392 228 1098 303 Srrarraanaruzrr

274 354 541 412 Erronrtranrua
564 354 683 428 ocu'ar]
704 353 772 413 Non
790 355 951 416 adnotass'em
965 356 1032 426 ista,
1052 375 1112 435 quae
1123 356 1156 416 ab
1167 355 1257 419 Euse-

232 430 282 487 bio
294 448 404 509 quoque
416 428 680 495 commemorantur,
700 429 751 488 nifi
768 433 912 492 admonere
923 433 1064 494 voluiffem
1075 434 1144 493 hanc
1155 434 1251 492 crude-

234 506 339 565 litatem
352 504 367 562 ὲ
380 506 459 564 Suida
472 505 563 565 referri
575 507 607 563 ad
626 506 826 567 Diocletianum
846 512 874 568 ὃ(
893 510 1112 577 Maximianum,
1132 528 1255 589 eumque

98 595 114 624 ³
234 581 376 644 hocloco,
396 594 428 639 ut
438 582 505 659 saepe
517 581 584 641 solet
596 583 626 639 in
640 582 718 639 rebus
729 582 876 648 historicis,
895 586 997 665 lapsum
1010 587 1068 645 effe.

89 649 181 726 Car.
275 662 500 717 Consranrrnr
523 656 692 731 arrrsrrs]
715 661 904 719 Constantinus
913 663 972 739 post
985 677 1087 741 partam
1098 662 1253 721 deMaxen-

96 750 221 804 xxxin.
237 735 278 804 rio
289 737 451 800 neronam,
472 756 561 813 quum
573 736 642 812 apud
661 734 848 795 Mediolanum
866 739 1028 796 convenisset
1046 758 1111 797 cunr
1130 739 1253 804 Licinio,

93 1054 107 1093 Γ

236 812 456 871 constitutionem
467 810 590 870 emiserat
601 812 749 869 admodum
762 813 938 873 favorabilem
950 816 1120 881 Christianis,
1139 834 1198 873 eam
1218 828 1257 872 ue

237 886 344 947 miserat
356 888 385 945 in
399 888 542 947 Orientem
555 890 587 947 ad
600 888 806 956 Maximinum,
826 903 857 947 ut
876 890 898 949 is
916 910 976 949 eam
994 892 1023 951 in
1040 892 1184 980 provinciis
1199 832 1257 948 suis
1303 932 1308 941 -

228 965 351 1042 ,proponi
362 976 473 1023 curaret.
493 966 597 1022 Audon
611 964 648 1021 est
660 964 787 1023 Eusebius
798 966 843 1024 lib.
855 985 896 1025 rx.
909 984 964 1045 cap.
977 985 1020 1025 rrr.
1040 968 1119 1026 rllum
1132 964 1255 1044 primirm

236 1040 350 1119 quidem
363 1042 395 1098 ad
407 1040 590 1118 haec-graviter
601 1029 774 1119 ingemuisse,
795 1043 886 1119 postea
897 1056 991 1102 tamen
1003 1084 1012 1111 ,
1032 1042 1097 1103 cim
1110 1062 1159 1102 nec
1170 1042 1257 1101 videri

125 1144 148 1167 s·
237 1118 319 1177 vellet
331 1117 508 1178 Constantino
526 1136 557 1175 ac
570 1117 676 1175 Licinio
688 1118 806 1185 cessisse,
824 1137 874 1177 nec
893 1120 998 1179 rursum
1018 1120 1046 1179 id
1064 1120 1139 1199 quod
1156 1118 1257 1196 julium

239 1207 295 1251 erat
306 1192 468 1271 supprimere
481 1193 587 1254 auderet
598 1206 675 1251 metu
688 1214 785 1254 eorum
797 1197 843 1274 qui
857 1194 995 1270 jusserant,
1014 1197 1152 1273 epistolam
1163 1195 1196 1253 ad
1208 1198 1258 1251 Sa-

239 1269 336 1329 binum
350 1270 509 1329 Praeseslum
521 1268 571 1327 scri
590 1269 646 1327 sisse
658 1270 742 1331 veluti
754 1271 848 1347 suopte
861 1287 941 1331 motu
955 1278 1029 1333 &ex
1046 1273 1152 1351 propria
1164 1272 1259 1331 austo-

239 1348 336 1408 ritate,
356 1347 384 1411 in
396 1366 450 1424 qua
460 1346 554 1405 eadem
607 1365 653 1406 me
664 1347 697 1404 de
709 1348 865 1406 Christianis
877 1346 988 1407 sancivit
998 1370 1058 1428 quae
1076 1351 1105 1407 in
1118 1348 1163 1405 illa
1181 1350 1256 1405 eon-

241 1423 347 1484 strntini
360 1442 390 1480 ac
403 1422 500 1480 Licinii
514 1423 704 1481 constitutione
719 1426 900 1483 continentur.
926 1425 1069 1484 Addiderat
1080 1436 1171 1482 autem
1184 1426 1263 1480 Con-

243 1499 371 1556 stantinus
383 1498 482 1556 litteras
492 1499 524 1556 ad
531 1500 731 1563 Maximinum,
751 1518 866 1579 quarum
877 1502 1044 1559 mentionem
1058 1499 1121 1557 facit
1132 1497 1260 1557 Eusebius

243 1575 273 1634 in
284 1576 416 1651 postrema
427 1588 500 1651 parte
511 1574 630 1650 ejusdem
643 1576 741 1653 capitis.

288 1655 312 1709 Λ
335 1670 542 1709 sacrabor-ra.
566 1655 746 1731 insaniam]
769 1654 853 1735 Qod
864 1650 1261 1713 heicaitraaantiusdertraxi-

246 1727 325 1789 mino
336 1728 400 1786 cibis
413 1728 591 1785 immolatitiis
603 1729 725 1807 quotidie
739 1729 878 1793 vescente,
898 1730 926 1788 id
944 1731 976 1789 ab
994 1748 1028 1787 eo
1064 1728 1153 1787 ublico
1171 1728 1264 1786 edisio

247 1805 424 1862 constitutum
436 1805 472 1862 ait
484 1802 607 1861 Eusebius
618 1808 648 1860 in
662 1803 731 1862 libro
744 1807 777 1865 de
798 1807 957 1884 martyribus
977 1806 1043 1864 Palae
1067 1806 1115 1862 'nae
1134 1822 1189 1880 cap.
1214 1821 1259 1860 rx.
1307 1824 1313 1852 r

249 1881 499 1943 itautcunstitam
512 1876 658 1959 viriquim
671 1880 796 1938 mulieres
808 1881 862 1941 uni
875 1902 940 1943 cunr
957 1878 1263 1941 servulis&infantibus
1311 1902 1315 1911 ’
1392 1886 1393 1937 3

248 1956 431 2016 sacrificare&
444 1949 525 2015 libare
541 1957 589 2017 diis
606 1958 804 2015 immortalibus
823 1971 981 2036 cogerentur
1000 1963 1028 2019 δε
1046 1958 1194 2016 immolatis
1212 1954 1265 2013 ho-

250 2034 359 2093 stiarum
371 2034 491 2095 carnibus
505 2033 585 2098 vesci,
605 2038 633 2092 bt
646 2046 677 2091 ut
689 2035 784 2091 cuneta
797 2036 826 2091 in
837 2032 898 2091 foro
912 2034 1015 2093 venalia
1027 2033 1218 2093 sacrificiorum
1230 2030 1263 2088 li-

248 2112 402 2169 bationibus
420 2111 628 2189 inquinarentur.
667 2109 738 2167 Istud
757 2109 844 2187 ipsum
866 2111 964 2168 docent
975 2112 1058 2171 etiam
1077 2111 1134 2169 asia
1146 2107 1268 2187 pollionis

211 2243 216 2251 ,
251 2188 334 2245 sancti
347 2188 458 2247 Luciani
470 2189 594 2267 martyris
605 2186 791 2253 Antincbeni,
809 2206 895 2266 quem
913 2187 987 2245 idem
1001 2186 1167 2247 Maximinus
1180 2196 1268 2242 morte

168 2279 171 2284 ’
252 2263 349 2323 affecit.
389 2262 476 2349 Quia
494 2269 575 2324 etiam
594 2265 631 2323 ad
648 2279 756 2323 tantam
769 2269 877 2342 prorefflr
888 2264 1022 2343 sevitiam
1038 2260 1268 2339 urminsantibrrr
1392 2330 1393 2345 χ

252 2342 359 2426 quidem
365 2351 481 2414 parceret
493 2381 502 2406 ‚
516 2342 566 2420 sed
583 2342 644 2419 ipsos
661 2359 762 2419 quoque
779 2344 953 2399 interimerer,
972 2344 1093 2415 quoniam
1110 2358 1154 2395 aec
1168 2349 1269 2413 paream

254 2416 359 2492 quadem
378 2417 413 2470 er's
427 2417 578 2491 persuadere
596 2434 627 2474 ur
641 2417 773 2493 guflarmr
784 2436 814 2474 ea
825 2435 876 2494 que
883 2412 1096 2493 sanisicabanrur
1108 2413 1269 2473 damaim

258 2495 388 2547 Secutum
402 2490 431 2546 in
442 2492 496 2546 hoc
507 2492 584 2550 fuisse
597 2495 782 2553 Maximinum
798 2492 903 2573 vestigia
921 2489 1038 2579 magistri
1055 2488 1096 2547 sui
1107 2488 1207 2547 Galerii
1220 2487 1272 2544 do-

258 2579 321 2625 cent
339 2565 397 2626 atta
414 2563 563 2623 fauturum
576 2578 729 2641 martyrum
741 2568 844 2649 Agap'ee
856 2610 865 2637 ,
885 2566 1026 2629 Chiona,
1047 2570 1075 2626 bt
1084 2568 1191 2626 tenes,
1209 2582 1273 2643 quae

259 2640 451 2700 Thessalonicae
461 2642 622 2717 martyrium
636 2642 894 2704 consummaverunt
907 2663 978 2703 anno
989 2642 1103 2703 secundo
1113 2640 1274 2719 persecutio·

258 2718 315 2783 nis,
334 2716 505 2776 Diocletiano
514 2720 565 2777 IX.
577 2720 605 2775 tt
618 2716 789 2774 Maximiano
806 2726 879 2779 VIII.
899 2719 1069 2779 Consulibus.
1088 2722 1122 2778 ln
1133 2718 1185 2777 illis
1196 2718 1273 2775 enim
1386 2727 1393 2779 ¹,

261 2794 326 2853 asiis
337 2793 437 2875 legitur
455 2790 627 2853 Cassandrum
644 2790 844 2854 beneficiarium
863 2796 900 2854 ita
918 2795 1042 2872 scripsisse
1060 2796 1093 2856 ad
1115 2795 1274 2857 Dulce'tium

262 2871 405 2932 Praesrdem
425 2892 432 2929 r
451 2872 539 2937 Scito,
557 2872 594 2929 mi
608 2868 740 2935 Damae,
760 2868 951 2945 Agatheam,
971 2880 1035 2948 Aga
1051 2894 1099 2934 en.
1124 2871 1279 2933 chonam,

263 2958 380 3014 Irmem,
400 2944 507 3022 Castam
519 2987 528 3012 ,
541 2947 705 3082 Philippa,
724 2944 760 3017 ό·
775 2946 931 3025 Eutychiani
949 2952 1011 3007 mlle
1028 2884 1068 3008 dis
1085 2950 1152 3037 uesci
1162 2968 1215 3028 que
1226 2948 1277 3006 diis

256 3027 324 3108 sunt
335 3025 478 3083 immolare.
501 3026 599 3083 Eadem
698 3038 744 3083 tur
757 3024 786 3083 in
797 3024 860 3083 aslis
871 3023 1023 3103 sandiorum
1035 3026 1119 3101 sergii
1132 3028 1160 3083 de
1173 3024 1278 3089 bacchi,

266 3103 315 3183 qui
326 3101 375 3164 sub
386 3102 483 3161 eodem
495 3102 649 3161 Maximino
660 3100 725 3179 paffi
743 3099 825 3167 sunt,
845 3101 911 3159 item
924 3101 952 3157 in
971 3100 1034 3156 asiis
1051 3098 1132 3155 sinui
1151 3101 1280 3177 martyris

265 3180 330 3237 Vari
343 3178 517 3241 &sociorum
529 3179 606 3268 ejus,
626 3182 654 3239 δι
667 3180 697 3239 in
709 3178 773 3236 aslis
789 3174 927 3233 Theodori
948 3172 1073 3231 amaseni
1091 3188 1279 3252 cognomento

264 3257 377 3333 tyronis.
417 3259 510 3315 Immo
522 3252 568 3315 did
580 3254 641 3313 anti
654 3254 724 3316 hanc
736 3252 948 3329 superstitionem
961 3248 1282 3329 usurpatamessereperio

265 3332 296 3391 in
308 3334 372 3390 aute
383 3330 537 3391 unctorum
549 3332 686 3409 Terentii,
704 3328 862 3408 Aphrieani,
882 3328 908 3385 &
921 3324 1072 3393 socinum,
1091 3327 1139 3386 ubi
1150 3328 1281 3418 scripturn

266 3408 306 3465 est
323 3409 440 3473 Decium
457 3412 649 3485 Imperatorem
668 3409 697 3472 in
713 3404 844 3467 universas
869 3402 989 3463 Romani
1007 3402 1115 3479 imperii
1132 3406 1284 3481 provincias

268 3484 388 3545 edistum
402 3485 498 3545 misrsse
511 3497 541 3543 ut
552 3503 647 3547 omnm
659 3483 802 3547 Christiani
819 3481 852 3541 ad
871 3478 1071 3541 immolandum
1090 3486 1119 3543 br
1138 3484 1282 3542 cummen-
1392 3506 1393 3521 ¹

270 3561 338 3619 dum
351 3580 451 3639 eaquae
462 3560 540 3620 idolis
550 3561 632 3619 essent
644 3560 784 3620 immolata
795 3556 1016 3636 pertraherentur.
1042 3558 1137 3648 Qare
1150 3558 1226 3648 guod
1244 3559 1283 3618 ait

222 3686 226 3693 .
270 3638 437 3704 mentius,
457 3638 643 3701 Maximinum
655 3639 710 3699 hoc
719 3638 842 3715 primum
854 3633 983 3695 invenisse
998 3644 1030 3695 ut
1049 3635 1173 3695 ammrlra
1189 3636 1284 3695 omnia

270 3713 368 3793 quibus
387 3714 560 3780 vescebatur,
577 3734 633 3773 non
645 3713 661 3775 l
672 3716 784 3794 coquis,
803 3712 848 3773 sed
861 3708 876 3770 i
888 3710 1086 3781 sacerdotibus,
1102 3712 1138 3773 ad
1158 3732 1213 3771 aras
1230 3712 1283 3770 ina·

213 3854 217 3865 ,
270 3789 450 3860 momentus,
468 3790 674 3876 intelligendum
685 3812 742 3855 non
753 3790 790 3853 est
802 3788 835 3853 de
847 3790 937 3851 edun
948 3788 993 3851 seu
1004 3790 1120 3873 generali
1131 3790 1203 3869 lege,
1217 3786 1283 3876 cim

1187 3863 1283 3927 muku
