2942 4634
266 242 331 339 25⁶
507 236 695 317 cras:
737 240 1020 327 casaur
1129 275 1133 282 ·

265 369 498 451 oa'distinguitur,
518 370 641 448 Neptuni
661 390 695 431 ue
706 376 735 431 δι
748 374 853 431 Cereris
865 370 920 431 filia
930 373 1050 443 dieimr;
1072 366 1205 431 &saliit
1215 368 1286 445 insu2

266 468 314 525 per
329 450 483 511 Pausanias,
503 446 529 507 se
542 468 599 505 uon
611 390 707 509 audere
722 455 749 512 ἐς
763 456 806 513 «ἐς
818 457 961 526 doeiaielpat
976 458 1071 527 „alam
1083 468 1187 507 nomen
1206 450 1286 523 hujus

264 528 348 585 Deae:
369 546 427 605 qua:
441 538 511 584 certe
525 524 623 583 docent
636 524 696 584 satis
707 524 837 605 superque
847 545 908 583 eam
921 529 1103 603 Proserpinam
1124 546 1180 583 non
1200 526 1284 583 luisse.

263 608 368 663 Verum
382 606 445 661 licet
454 603 600 680 gentilium
612 604 650 661 dii
662 606 700 661 ita
713 606 900 681 cognominati
915 600 966 661 siut
978 645 987 670 ,
1006 604 1095 661 noster
1107 616 1201 661 tamen
1213 606 1286 661 Deus

263 683 370 757 optimo
380 682 441 757 jure
453 680 592 737 Dominus
602 681 639 737 est
653 703 662 747 5
682 681 731 759 qui
745 693 777 737 ut
792 700 840 738 eos
860 680 956 754 dejent
970 686 999 740 ὅ(
1012 680 1141 741 micavit.
1161 682 1199 737 ita
1210 679 1286 756 spero

260 760 376 816 eundem
387 758 498 815 tandem
510 757 692 834 respecturum
704 756 803 835 populi
813 756 898 815 fidelis
917 758 1091 816 atrocissimas
1107 757 1286 823 calamitates,

258 838 287 893 δι
298 854 392 910 pacem
403 836 572 894 redditurum
585 835 706 893 Ecclesiae
721 854 789 893 verae
802 854 849 911 per
859 846 953 893 totum
966 836 1064 892 orbem
1073 846 1215 891 terrarum
1227 836 1285 890 lm-

257 924 389 987 peratores
401 914 491 970 etiam
499 914 621 971 Romani
633 913 749 969 Domini
760 911 882 988 appellati
896 911 972 977 sunt,
992 913 1033 969 uti
1048 912 1086 969 est
1094 911 1264 969 notiffimum
1270 934 1281 977 ς

258 1006 309 1047 nec
322 989 389 1049 illud
401 986 558 1053 monerem,
577 989 628 1047 nifi
641 990 760 1047 viderem
774 988 851 1065 Casp
870 990 1033 1047 Getartium
1043 989 1077 1046 ad
1088 988 1136 1047 lib.
1145 1009 1178 1066 ‚¹·
1192 988 1285 1063 Sylva-

258 1084 322 1123 rum
334 1068 412 1125 Statii
424 1080 581 1125 extremum
592 1086 648 1123 uon
661 1065 720 1123 satis
732 1066 801 1124 bene
813 1068 1016 1143 interpretamm
1029 1066 1081 1123 effe
1093 1065 1283 1122 Claudianum.

257 1142 334 1201 Nam
347 1164 412 1203 cum
426 1144 555 1206 docuisset
567 1144 784 1209 Domitianum,
805 1144 953 1218 Traianum
968 1185 977 1210 ,
1002 1142 1143 1221 aliosque,
1162 1146 1285 1199 Domitios

253 1220 342 1281 diuos
354 1221 444 1287 fuisse,
465 1222 553 1287 addit,
572 1220 599 1279 se
610 1222 703 1281 mirari
714 1220 896 1280 Claudianum
908 1222 953 1281 lib.
968 1240 992 1297 3.
1005 1222 1039 1280 de
1052 1222 1135 1278 laud.
1174 1218 1285 1276 Stilico-

253 1298 315 1435 ggii
331 1298 561 1435 figiffisiffi
567 1300 709 1436 Rorpranos
721 1299 814 1377 primo
825 1299 954 1359 omnium
960 1302 1069 1362 Domini
1076 1294 1285 1379 appellationem

253 1445 272 1455 „
315 1395 378 1437 com
414 1396 508 1437 rure
573 1395 676 1445 veru,

413 1517 521 1579 Publica
529 1519 577 1595 fell
588 1535 719 1598 nunquam
729 1532 803 1577 tamo
810 1520 842 1596 se
852 1521 946 1593 gratia
953 1516 1035 1595 fudit

412 1593 537 1673 Affensu:
558 1600 614 1673 quis
626 1602 693 1656 enim
701 1600 812 1673 princeps
825 1594 871 1653 hoc
883 1597 999 1652 omnibus
1011 1611 1071 1670 eger

412 1673 557 1749 Obfiqur'r's‚
570 1674 627 1749 sese
639 1676 797 1739 Dominum,
818 1680 971 1750 Patremque
982 1675 1090 1737 weari,

412 1745 503 1831 Quod
513 1747 563 1804 tibi
575 1750 699 1805 continuit
711 1752 828 1825 resonant
838 1768 952 1806 convexa
969 1749 1078 1807 diebus?

411 1826 502 1882 Matre
513 1824 585 1879 novas
596 1824 691 1899 Consul
701 1826 805 1883 ticalis:
824 1828 962 1883 mavortia
972 1826 1054 1901 plebes

411 1908 448 1959 Tr
462 1902 604 1958 Dominum
617 1906 698 1956 Bruto
710 1918 760 1956 non
771 1904 923 1975 indignante
928 1899 1053 1978 fatetur,

406 1985 444 2035 Er
455 1979 520 2052 quod
533 1976 620 2037 adhuc
631 1976 697 2033 nudo
706 1979 789 2049 potuit
800 1992 895 2034 terrore
905 1980 992 2035 coalia

406 2055 523 2189 Libertlas
541 2062 659 2113 &mana
668 2064 741 2129 part,
760 2053 975 2118 Stilicuairamrri

411 2138 486 2191 Delu
497 2135 528 2189 lfa
567 2161 681 2184 ·····=···

258 2274 310 2332 Sed
323 2274 393 2331 hanc
405 2272 547 2333 Claudiani
569 2282 692 2331 mentem
712 2269 791 2331 fuisse
802 2274 850 2331 vix
867 2284 956 2351 putot
976 2274 1045 2351 quin
1065 2274 1155 2351 potius
1171 2272 1287 2333 arbitror

256 2368 323 2407 eum
335 2368 429 2408 canere
441 2352 575 2428 populum
586 2351 712 2408 coadium
743 2350 797 2407 uali
810 2354 838 2409 δι
856 2352 974 2407 inritum
993 2352 1031 2407 ita
1043 2353 1177 2427 Principes
1195 2354 1288 2430 appel·

257 2423 335 2492 lasse;
356 2425 383 2481 id
395 2430 469 2501 quod
482 2442 555 2485 certe
564 2427 703 2504 sequitur,
723 2370 921 2502 liprobabilem
934 2426 1084 2485 admodum
1102 2430 1206 2486 Heinsri
1216 2448 1288 2487 oon·
1387 2467 1388 2470 =

255 2500 388 2576 jeuuram
401 2503 586 2568 admittimus,
606 2508 721 2580 Princeps
733 2523 781 2561 aon
792 2503 907 2560 omuibus
918 2505 981 2559 emit
996 2504 1131 2581 obsequiis
1144 2527 1154 2566 a
1174 2510 1203 2563 &
1214 2526 1288 2570 euu-

257 2576 320 2633 dem
333 2575 466 2650 populum
478 2576 523 2632 sua
536 2578 630 2650 sponte
642 2592 724 2655 atque
735 2600 771 2640 ex
787 2579 893 2639 adfeuu
905 2580 1063 2638 stiliconem
1076 2584 1219 2639 Domum
1233 2602 1287 2641 ro·

256 2650 338 2708 call'e:
359 2650 400 2704 vel
414 2650 572 2705 stiliconem
586 2650 709 2723 primum
724 2658 878 2716 Consulum
893 2657 985 2719 fiisse,
1003 2661 1051 2738 qui
1063 2661 1194 2717 Dominus
1206 2680 1287 2738 apo.

255 2726 323 2803 pulo
334 2723 490 2782 nominatus
502 2724 552 2791 fit;
573 2727 646 2799 quod
662 2739 735 2782 certe
747 2728 859 2789 firmant
872 2736 1010 2812 sequentia
1022 2776 1031 2799 ‚
1049 2736 1147 2815 quibus
1158 2738 1288 2815 docetip.

256 2803 318 2861 sum
330 2802 512 2861 restitutorem
524 2799 651 2858 libertatis
665 2803 781 2861 Brutum
795 2808 823 2864 id
835 2827 893 2866 non
905 2830 977 2887 aegre
996 2813 1115 2873 laturum
1128 2839 1138 2883 ;
1157 2818 1220 2895 quia
1234 2815 1287 2872 sci.

254 2870 450 3019 licetbastiliem
476 2878 539 2941 lioet
557 2880 687 2939 Damam
706 2881 902 2961 appellaretur,
926 2904 1067 2967 parentem
1086 2904 1181 2953 umen
1189 2893 1291 2974 populi

253 2978 302 3041 aas
336 2976 355 3021 t·
1312 2992 1316 2997 ·

1387 3119 1389 3278 l

1054 3782 1294 3898 JOHAN.
