2942 4634
342 282 519 364 Nonii·
567 308 633 358 rin
684 281 1094 358 Liciinrinn
1187 296 1229 379 σς
1303 328 1305 334 -

211 430 263 471 nus
273 417 307 472 v.
319 410 431 473 lanciani
441 411 642 542 'immpgffm’
660 405 863 485 pontificatum,
882 426 939 485 quo
950 406 978 465 se
989 408 1167 475 abdicaverat,
1187 431 1229 469 re·

210 490 342 555 sumeret,
360 508 425 547 enm
436 490 465 545 in
476 506 510 545 cu
569 485 717 543 iadetineri
726 484 809 561 jusfit.
849 486 903 541 Cui
921 486 1058 561 pcaeiverat
1078 486 1178 545 Callisti
1191 490 1225 546 11.

209 566 365 642 exemplum
378 585 439 645 erga
451 564 609 622 Burdinum.

246 645 422 700 Ravennam
442 640 627 714 coueooir]
649 638 777 697 Zosimus
788 640 817 696 in
830 637 1224 700 librosecundoscribitllercu-

204 716 277 776 lium
288 718 647 777 circumventosacramentis
652 720 750 774 &vero
757 714 907 792 persuasille
920 729 950 772 ut
957 719 1227 785 Ravennaexcedens,

203 795 264 872 quii
273 796 301 854 se
310 797 475 861 contulerat,
488 798 611 852 Romam
617 792 734 857 veniret,
750 792 838 871 eoque
849 806 1020 871 pergentem,
1033 795 1079 852 ubi
1091 796 1227 873 quendam

202 870 237 929 ad
249 872 343 929 locum
353 873 463 931 venillet
473 890 556 952 quem
568 874 636 927 Tres
646 870 765 927 tabernas
778 880 887 933 vocant,
908 868 941 925 ab
953 870 1051 929 infidiis
1064 886 1128 950 quas
1139 891 1173 931 eo
1185 872 1227 931 lo-
1291 912 1293 921 ,

202 966 239 1004 oo
251 952 406 1007 Maxentius
416 950 592 1007 oollomverat
609 946 803 1022 adprehensum
815 987 825 1011 ,
845 944 939 1003 inserta
955 946 1050 1025 laqueo
1061 951 1165 1007 ocrvice
1177 968 1227 1007 nc·

78 1030 89 1047 ‘⁴
202 1036 304 1082 ortum.
324 1028 420 1085 Incerti
432 1026 607 1103 panegyricus
612 1024 789 1080 Constantino
799 1022 886 1079 nctus
897 1023 955 1099 post
969 1026 1111 1083 vieloriani
1125 1029 1157 1085 de
1164 1028 1223 1084 Ma·
1347 1060 1352 1070 ·

202 1102 299 1158 xentio
310 1116 428 1179 partam:
446 1112 572 1161 Duxerat
583 1118 708 1175 magum
718 1104 992 1166 Severusexercitum
1005 1099 1136 1175 &hostem
1141 1105 1228 1181 suum

195 1178 308 1253 pufidia
318 1182 437 1256 desertus
447 1193 612 1238 armonem.
650 1177 755 1233 Aueior
768 1176 912 1253 fragmenti
923 1178 957 1235 de
968 1179 1127 1236 Constantio
1138 1180 1226 1237 Chlo-

197 1271 234 1309 ro
301 1272 378 1325 .472.
398 1258 524 1334 Desertae
541 1262 651 1310 Severus
661 1252 681 1309 >a
687 1253 746 1330 suis
753 1249 829 1329 sugit
841 1260 1003 1313 nicoenum.
1045 1262 1096 1313 Per
1107 1262 1226 1315 Maxen-

196 1332 270 1387 tium
316 1334 321 1343 ‘
388 1336 399 1405 (
406 1334 442 1388 lic
453 1333 528 1388 enim
539 1329 700 1409 legendum)
720 1346 842 1395 matus,
853 1332 912 1387 isac
922 1333 996 1389 venit
1004 1332 1159 1399 iinculius,
1178 1338 1226 1410 qui

192 1398 1224 1561 aneni

196 1559 332 1636 dirifecit.
372 1561 457 1635 Postea
466 1558 525 1618 cim
536 1561 657 1617 Galerius
669 1559 781 1617 ltaliam
790 1574 898 1637 pernen
918 1561 1101 1642 ilejugulatus
1115 1562 1161 1639 est.
1181 1562 1218 1634 6·

196 1638 290 1696 deinde
300 1637 398 1695 relatus
409 1640 447 1695 ad
456 1640 578 1695 ananum
589 1638 757 1701 milliarium,
776 1639 890 1695 conditus
901 1638 929 1693 in
934 1638 1038 1695 Galimi
1047 1658 1216 1700 monumento.

196 1714 239 1769 Ex
250 1732 310 1792 quo
322 1714 385 1771 loco
395 1715 506 1794 collegit
517 1715 648 1774 Henricuc
659 1713 777 1771 Valesius
795 1713 851 1771 falli
862 1716 947 1771 Eutro
966 1716 1023 1771 ium
1036 1720 1063 1774 &
1075 1718 1217 1777 Aurelium

195 1790 357 1856 morem,
380 1794 428 1869 qui
447 1796 577 1849 &verum
589 1794 724 1849 Ravenna
734 1790 853 1849 occisum
872 1789 923 1847 effe
946 1792 1056 1850 tribunt
1100 1796 1144 1852 De
1156 1795 1219 1854 loco

194 1864 283 1944 igitur
293 1869 340 1926 ubi
351 1872 463 1928 Severus
475 1870 561 1928 vitam
572 1866 661 1925 finivit
672 1869 881 1927 controvertitur
892 1869 962 1925 inter
974 1871 1101 1929 eruditos.
1141 1873 1217 1931 Nam

196 1945 314 2022 Scaliger
325 1945 355 2001 in
366 1945 637 2004 animadversionibus
655 1946 687 2002 ad
706 1943 853 2003 Eusebium
864 1945 901 2002 ait
913 1965 969 2003 non
980 1946 1101 2005 dubitare
1112 1946 1139 2003 se
1150 1950 1218 2027 quin

193 2018 249 2075 illae
262 2025 331 2076 Tres
340 2022 455 2079 taberna
467 2024 497 2079 in
507 2042 574 2104 agro
585 2024 742 2082 Rauennate
755 2022 870 2087 luerint,
885 2041 972 2099 neque
977 2023 1053 2081 aliter
1059 2024 1218 2155 colliflpos-

192 2094 222 2150 se
240 2114 276 2152 ex
296 2096 381 2153 verbis
398 2098 512 2155 Zofimi.
552 2096 655 2156 Contrai
666 2098 785 2155 Valefius
796 2098 935 2155 contendit
954 2102 1020 2155 Tres
1034 2099 1089 2155 illas
1100 2110 1128 2155 ta
1161 2118 1220 2157 inas

193 2169 276 2227 fuille
287 2172 315 2227 in
327 2171 370 2226 via
381 2175 467 2247 Appia
475 2192 558 2247 prope
568 2178 700 2229 Romam.
740 2178 837 2230 Parum
858 2186 950 2229 autem
963 2158 1099 2247 probaliile
1116 2174 1169 2239 est,
1188 2176 1218 2233 id

193 2249 272 2380 azoel
283 2247 409 2384 Sigonius
420 2249 449 2303 in
440 2246 532 2381 lv}ibr'o
542 2247 698 2379 sccnfflode
703 2246 871 2378 Oscincidmtiaii
877 2248 992 2323 imperio
1007 2248 1075 2381 coge
1095 2250 1219 2309 itexZo⁴

247 2343 283 2389 o,
337 2342 434 2381 verimi
472 2340 602 2381 aximiani
644 2339 692 2378 cm
779 2342 826 2379 nm
859 2340 960 2380 avenna
972 2342 1037 2383 exce
1088 2344 1118 2391 e,
1137 2340 1163 2383 at
1183 2348 1217 2387 ue

193 2401 228 2459 ad
247 2405 316 2458 Tres
333 2402 452 2459 tabernas
468 2400 522 2459 sese
540 2398 702 2459 cuntuliffe.
721 2398 794 2455 haud
813 2398 892 2456 dubia
904 2400 948 2476 spe
960 2401 1072 2458 duilium
1085 2348 1181 2463 urbeni
1191 2404 1220 2463 se

192 2478 357 2535 Maximiani
367 2496 449 2555 opera
458 2490 638 2553 recepturum.
674 2476 769 2552 Qum
782 2476 885 2553 Sigonii
896 2476 1054 2553 opinionem
1065 2478 1167 2539 secutus
1179 2482 1218 2540 cll

191 2555 379 2631 Hieronymus
390 2555 501 2613 Rubein
512 2557 541 2610 in
554 2553 622 2610 libro
633 2552 749 2610 secundo
761 2552 851 2610 histor.
863 2556 1060 2613 Ravennaturn.

232 2637 330 2687 Venis
352 2634 485 2704 incisis]
507 2626 611 2685 Contrai
622 2630 749 2685 Zosimus
761 2630 804 2687 lib.
816 2649 857 2687 ir.
878 2634 906 2689 δι
917 2632 1014 2689 audior
1025 2632 1169 2711 fragmenti
1181 2637 1216 2694 de

192 2707 354 2765 Constantio
366 2708 474 2771 Chloro
485 2705 621 2771 scribunt,
639 2718 670 2764 ut
675 2703 755 2783 paqu
761 2704 824 2766 ante
832 2707 964 2775 vidimus,
983 2713 1113 2769 Sacrum
1124 2711 1214 2771 naccis

189 2781 290 2861 laqueo
302 2783 448 2840 cervicibus
457 2781 590 2858 expirasse.
724 2796 740 2822 ,-
1215 2836 1220 2845 .

230 2863 404 2935 AoJuncro
425 2862 614 2937 Maximino]
636 2864 895 2941 cognomentoDaia
906 2864 1046 2931 velDaza,
1058 2864 1209 2943 quionen·
1221 2880 1298 2937 effi

229 3016 481 3072 Pnosiciscirun
503 3034 537 3071 ru
556 3016 725 3087 Grininn]
746 3018 819 3075 Huic
837 3018 981 3075 narrationi
1000 3017 1083 3075 fidem
1102 3016 1211 3077 adstruit
1334 3020 1337 3029 '

141 3102 145 3109 '
191 3089 276 3149 etiam
287 3092 430 3155 Zosimus,
443 3088 584 3149 tamenetsi
596 3091 626 3146 in
635 3109 725 3147 rerum
740 3106 809 3149 erret
821 3093 915 3150 ordine
927 3094 1131 3157 narrandarum,
1143 3098 1212 3154 Her-

194 3166 297 3225 culium
316 3170 440 3247 inquiens
450 3187 485 3225 eo
496 3180 595 3226 conatu
607 3164 762 3225 frustratum
775 3188 831 3247 qno
842 3170 1045 3233 Diocletianum
1063 3170 1214 3245 pertrahere

194 3241 264 3300 nisius
281 3261 339 3303 erat
357 3246 390 3304 ad
400 3244 592 3303 resumendum
604 3242 766 3321 imperium,
785 3244 890 3303 rursum
904 3245 991 3304 versus
1008 3247 1088 3323 Alpes
1099 3242 1211 3307 cont'en-

196 3317 279 3385 dilse,
297 3334 330 3379 ut
346 3330 565 3380 commorantem
578 3321 615 3377 ibi
628 3322 836 3379 Constantinum
849 3324 1018 3388 conveniret,
1044 3326 1072 3381 δι
1084 3322 1167 3383 filiam
1186 3328 1213 3385 ei

196 3392 317 3481 Faustam
332 3399 495 3473 promisisse,
514 3399 742 3476 eoquepromiffo
754 3400 884 3475 impleto,
906 3399 995 3457 fallere
1013 3414 1141 3458 conatum
1160 3402 1212 3459 ho·

196 3486 311 3528 minem.
350 3478 433 3538 Errat,
445 3479 565 3554 inquam,
577 3474 713 3533 Zosimus
733 3478 808 3535 Nam
820 3494 855 3535 ex
874 3477 958 3552 capite
970 3494 1070 3536 xxvii.
1084 3480 1112 3535 δι
1124 3496 1211 3538 xxix.

197 3546 327 3607 lactantii
337 3562 407 3625 patet
417 3554 497 3611 illuni
509 3553 549 3611 bie
561 3552 712 3609 inGalliam
774 3554 879 3612 fesium
890 3566 1032 3643 antequam
1040 3557 1212 3617 Carnuntum

195 3635 312 3695 peteret,
330 3630 359 3685 Bt
372 3630 572 3689 Diocletianum
585 3648 642 3687 nou
653 3573 806 3688 vidfflffiifi
818 3631 878 3707 poll
886 3642 991 3707 nuptias
1004 3632 1170 3689 Constantini
1182 3636 1212 3693 δι

195 3697 301 3759 Faustae.
339 3706 450 3763 Atenirn
462 3707 537 3784 quod
542 3706 694 3767 munitius
705 3712 734 3767 lle
744 3706 872 3767 Zosimus
883 3709 1122 3783 ajuntllerculium
1130 3710 1205 3767 Con-

194 3771 310 3862 slantino
321 3778 405 3839 liliam
416 3782 579 3859 promifilse,
599 3785 675 3842 aliter
688 3785 787 3864 legitur
798 3785 827 3843 in
837 3786 999 3863 panegyrico
1009 3784 1103 3845 incerti
1117 3788 1210 3843 audio-
1272 3800 1277 3807 ·

195 3866 230 3910 Ν
241 3854 315 3917 diuo
325 3859 466 3939 innuptiis
475 3860 643 3941 Conihutiui
654 3864 682 3925 it
694 3862 809 3925 Fausta.
828 3864 874 3927 ubi
885 3863 1014 3941 scriptum
1033 3863 1070 3923 eli
1082 3863 1210 3951 Constan-

747 3946 794 4003 Σο
1051 3964 1055 3969 ·
1118 3952 1211 3999 tinum
