2942 4634
244 300 326 385 7⁶⁴
404 286 1188 369 Srnrrraur'anuzor,

245 414 348 473 bellurn
360 412 504 489 parabatur.
544 412 693 489 Reliquum
706 412 789 490 igitur
801 411 839 469 est
850 422 881 468 ut
892 411 937 469 hic
950 410 1054 469 Eusebii
1067 410 1142 469 locus
1159 408 1259 469 intelli-

247 504 325 569 gatur
337 490 369 547 de
380 489 599 565 Imperatoribus‚
619 491 751 547 nimirum
764 490 797 548 de
802 488 972 546 Diocletiano
986 502 1110 545 veterano
1120 490 1212 564 Rege,
1225 488 1260 546 de

247 567 416 624 Maximiano
429 566 571 627 Herculio,
592 566 712 643 quitum
724 566 871 642 imperium
884 565 1055 642 resumpserat
1067 604 1075 628 ‚
1095 568 1123 622 bc
1135 566 1167 622 de
1178 562 1261 620 Gale·

245 645 291 701 rio
301 644 476 700 Maximiano.
516 643 591 698 Nam
610 643 640 697 hi
657 655 711 700 tres
721 654 785 698 tum
797 654 871 699 erant
890 642 1021 699 Carnunti
1034 660 1121 718 quum
1141 639 1262 697 Licinius

246 721 331 777 facus
340 720 377 775 est
383 720 524 797 Augustus.
563 719 655 804 ltaque
666 738 762 776 verum
774 736 831 775 non
842 718 879 774 est
890 719 967 775 omni
980 737 1014 774 ex
1027 728 1100 793 parte
1111 717 1185 795 quod
1196 716 1260 773 heic

245 798 284 853 ait
295 796 436 860 Eusebius,
456 795 592 853 Licinium
604 796 707 851 tastum
717 794 769 853 esse
781 797 972 869 Imperatorem
980 790 1008 853 δὲ
1015 794 1168 871 Augustum
1180 810 1260 851 conr

245 872 432 931 mimicorum
443 870 570 929 consensu
582 872 703 948 quitum
715 871 909 947 rempublicam
921 870 1093 946 possidebant.

285 953 341 1006 er
363 948 531 1021 ruituras]
553 949 685 1005 nimirum
697 948 878 1005 Maximianus
890 947 1047 1011 Herculius,
1065 941 1188 1019 Galerius
1199 946 1260 1001 Ma·

248 1026 402 1091 ximianus,
426 1025 590 1082 Maximinus
607 1036 791 1104 cognomento
803 1024 870 1081 Daia
883 1024 924 1081 vel
942 1026 1033 1087 Dana,
1054 1019 1261 1084 Constantirus,

247 1103 414 1165 Maxentius,
433 1105 461 1160 bc
473 1102 598 1159 Licinius.

285 1182 431 1236 Daroma
453 1196 572 1235 troiam
593 1176 730 1251 vasania]
753 1177 856 1241 idest,
875 1194 1035 1253 purpuram,
1055 1178 1084 1234 tr
1103 1172 1139 1233 fic
1158 1172 1259 1229 iterum

247 1255 282 1311 ad
293 1257 380 1312 vitam
391 1254 529 1331 privatam·
534 1254 621 1321 rediit.
661 1254 774 1311 Fadium
786 1254 854 1311 istud
866 1254 899 1310 ab
910 1254 1038 1310 Herculio
1050 1252 1140 1309 scribit
1148 1249 1261 1307 Hadria·

245 1351 296 1389 nus
314 1332 431 1389 Valesius
449 1333 477 1387 in
494 1331 564 1388 libro
581 1332 671 1407 primo
683 1349 774 1388 rerum
787 1332 971 1387 Francicarum
982 1348 1040 1407 pag.
1055 1346 1099 1384 21.
1113 1322 1259 1405 antequdm

244 1408 454 1484 proficisceretur
463 1408 491 1464 in
504 1408 657 1483 Illyricum,
677 1407 703 1463 id
715 1406 765 1469 est.
785 1425 857 1464 anno
876 1424 998 1462 cccvii.
1011 1418 1133 1462 exeunte.
1153 1399 1257 1459 Verrlm

245 1500 376 1563 repugnat
387 1485 537 1541 Lasbantius
549 1484 614 1541 huic
624 1484 759 1541 sententiae
771 1523 779 1547 ‚
797 1484 846 1560 qui
865 1482 1006 1541 secundam
1023 1479 1143 1539 Herculii
1155 1480 1259 1537 abdica-

245 1562 352 1619 tionem
362 1559 457 1621 diserti:
470 1575 577 1618 revocat
588 1561 620 1618 ad
632 1560 776 1637 posteriora
786 1572 929 1635 tempora,
949 1557 992 1616 sed
1005 1576 1106 1615 annum
1119 1574 1176 1611 non
1187 1556 1259 1611 indi-

245 1651 296 1695 cat
336 1637 472 1696 Probabile
484 1650 578 1698 tamen
588 1637 625 1693 est
635 1638 663 1694 id
675 1636 779 1694 factum
790 1655 847 1694 non
866 1637 903 1693 ita
921 1631 1010 1693 multia
1033 1630 1091 1711 post
1115 1628 1200 1709 quim
1224 1631 1260 1689 ad

246 1714 452 1773 Constantinum
465 1713 578 1773 rediisset
589 1732 624 1770 ex
635 1713 760 1790 illyrico,
780 1712 871 1779 idest,
891 1726 1068 1770 anno'cccvr
1077 1730 1086 1767 r
1095 1729 1118 1767 1.
1132 1710 1258 1773 ineunte,

245 1790 303 1867 ipso
314 1792 399 1849 decies
412 1796 439 1850 δι
450 1788 619 1848 Maximiano
629 1808 684 1847 vri.
704 1789 874 1848 Consulibus.
915 1790 989 1845 Nam
1001 1787 1074 1844 nulla
1085 1787 1205 1861 deinceps
1217 1782 1257 1842 fa-
1326 1814 1330 1819 ·

244 1869 370 1925 tinorum
381 1869 437 1941 ejus
448 1868 553 1924 mentio
570 1866 684 1925 habetur
694 1866 821 1945 usquead
834 1884 936 1924 annum
956 1882 1043 1921 cccx.
1062 1883 1120 1941 quo
1140 1861 1259 1929 interiit,

246 1948 275 2003 bt
286 1946 327 2001 vir
340 1944 522 2021 cupidissimus
532 1943 651 2023 signandi
665 1962 746 1999 annos
757 1962 804 2018 per
816 1941 966 2001 consulatus
978 1940 1053 2005 suos,
1072 1938 1176 1998 Consul
1183 1937 1259 2003 dein-

246 2039 306 2098 ceps
319 2040 376 2081 non
388 2022 516 2099 reperitur
527 2021 611 2080 fuiffe.

284 2100 379 2175 Qron
399 2116 494 2157 resurr
515 2117 574 2156 uon
596 2098 757 2171 necarer]
773 2096 1120 2176 Eumeniusinpmegyrico
1127 2092 1257 2152 Conslan-

245 2174 314 2232 tini:
332 2177 439 2234 Talibus
449 2191 475 2233 te
483 2188 528 2253 pro
539 2175 655 2234 utilitate
665 2196 696 2233 ac
705 2178 832 2250 dignitate
842 2174 945 2250 publica
957 2173 1030 2231 rebus
1042 2178 1171 2231 intentum
1182 2190 1260 2229 aver·

202 2288 205 2300 .
245 2268 337 2387 mni
345 2253 573 2329 infiammatus
585 2255 636 2338 ejus
649 2254 755 2310 hominis
774 2270 849 2329 quem
856 2251 1001 2327 succeffibus
1018 2253 1070 2306 ruis
1088 2248 1205 2307 maximi
1211 2244 1262 2324 sa·

245 2350 307 2386 vere
336 2348 390 2386 erue
407 2346 441 2386 er.

283 2330 439 2461 Gauraina
458 2409 565 2481 suum]
586 2408 800 2470 Constantinum,
819 2401 1260 2482 quillaullamseniorisMaximia-
1316 2403 1326 2452 l

173 2539 177 2550 ,
247 2480 276 2536 ni
287 2480 425 2536 minorem
438 2481 521 2539 filiam
535 2482 614 2557 paulo
625 2476 686 2541 anti
700 2484 825 2541 duxerat,
846 2480 942 2539 eodem
954 2496 1024 2535 anno
1030 2478 1161 2534 nimirum
1168 2482 1262 2555 quo&

247 2560 357 2613 Severus
368 2555 467 2613 occisus
479 2562 507 2614 δι
519 2559 636 2614 Licinius
648 2560 733 2616 factus
745 2562 942 2637 eillmperator.
979 2555 1075 2612 Incerti
1087 2556 1263 2631 panegyricus

248 2632 456 2691 Maximiano&
464 2632 642 2689 Constantino
653 2635 739 2690 dietus
747 2638 775 2692 in
783 2634 1000 2711 nuptiisFaustae:
1012 2634 1162 2691 calvinum
1173 2646 1260 2695 turem,

248 2711 427 2768 Maximiano
444 2709 586 2785 judicium,
604 2712 650 2786 qui
662 2707 730 2765 bunc
740 2711 1132 2789 sibijureadoprionisneporem,
1143 2707 1263 2789 majesta-

247 2790 282 2845 tis
292 2786 378 2844 ordint
386 2782 489 2853 tilium,
509 2786 590 2842 eriam
596 2804 720 2859 gmerum
731 2781 776 2858 effe
787 2785 896 2859 voluisti.

287 2866 406 2921 chrxr
428 2862 563 2946 trinium]
586 2864 660 2920 Nam
673 2861 845 2919 Constantius
857 2862 1025 2923 Constantini
1038 2878 1124 2943 pater,
1189 2862 1263 2921 udla-

248 2953 290 3007 ta,
310 2954 342 2999 ut
352 2940 433 3014 juiius
442 2953 520 3006 erat,
536 2940 637 3000 Helena
649 2980 659 3005 ‚
675 2939 852 2998 Theodoram
863 2939 942 2999 duxit
954 2983 963 3009 ,
981 2962 1065 3020 quam
1077 2959 1152 3001 noran
1190 2940 1199 2995 i
1210 2952 1263 2995 tra-

249 3018 318 3075 dunt
324 3017 442 3079 Herculii
454 3017 538 3077 filiam
550 3016 641 3083 fuisse,
659 3016 704 3075 alii
714 3016 875 3095 privignam.

289 3098 432 3153 anrora
453 3115 593 3154 ursinum
615 3095 737 3169 ranna]
760 3094 789 3151 in
838 3094 930 3155 testate
948 3094 1030 3153 soceri
1042 3094 1081 3150 sui
1094 3092 1264 3153 Maximiani.

250 3172 302 3229 Sed
314 3172 402 3230 homo
419 3172 533 3249 perfidus
550 3192 596 3231 eos
606 3171 758 3231 sollicitavit
822 3169 1015 3228 defectionem·
1053 3170 1152 3229 Testis,
1171 3183 1266 3246 prater

249 3249 435 3316 ladiantium,
455 3251 603 3309 Eumenius
614 3251 643 3307 in
655 3247 816 3327 Panegyrico
835 3264 917 3323 quern
966 3244 1017 3303 stoa
1028 3246 1098 3304 dixit
1109 3246 1266 3304 Constanti-

252 3344 307 3392 no,
326 3326 374 3385 ubi
385 3346 473 3405 quum
485 3327 591 3387 dixisset
596 3328 797 3385 Maximianum
809 3340 909 3399 genero
932 3340 970 3379 uo
975 3321 1112 3399 pejerasse,
1125 3322 1212 3380 statim
1220 3322 1266 3381 ad-

253 3402 313 3460 dit:
333 3402 517 3481 Haecessfides,
536 3404 585 3463 hec
596 3406 683 3479 religio
690 3398 919 3480 palatinisacraerii
931 3401 1026 3457 devota
1034 3400 1221 3475 penetratam,
1235 3414 1268 3457 ut
1293 3462 1295 3471 ,

253 3478 321 3537 lensi
328 3478 532 3550 &cunam
544 3481 709 3562 jamscilicrr
718 3494 777 3537 rum
789 3478 838 3535 illis
850 3472 1032 3554 bedicrnssliis,
1050 3478 1139 3535 itinere
1151 3474 1266 3553 confossa,

253 3558 404 3635 consumptis
414 3560 487 3633 copiis
498 3555 669 3636 maſsonum,
688 3576 719 3615 ne
728 3556 787 3633 quai
797 3555 909 3633 consequi
919 3553 992 3631 posset
1004 3555 1148 3615 exercitus,
1167 3552 1267 3631 repenti

253 3634 325 3692 intra
334 3637 443 3709 parietes
453 3632 586 3712 confideret
595 3648 767 3711 purpuratur,
787 3629 822 3701 ό
835 3633 873 3690 tis
883 3629 1023 3709 depofitum
1040 3629 1115 3688 tertii
1133 3650 1151 3686 a
1210 3644 1269 3687 aret

129 3750 133 3756 ·
152 3723 156 3734 “
238 3710 409 3788 ¹imperium,
426 3711 528 3769 litteras
545 3711 756 3787 adsodiciraador
767 3710 894 3769 exercitus
904 3712 1037 3771 miseret,
1051 3704 1134 3783 fidem
1151 3708 1188 3763 mi
1198 3709 1268 3763 ium

165 3809 169 3825 ¹
250 3790 409 3862 premiorum
420 3784 578 3860 climentiae
588 3790 695 3847 turbare
705 3802 832 3853 tentarer,
847 3786 937 3859 serrari
939 3786 1039 3864 scilicet
1049 3784 1143 3860 usurus
1154 3784 1267 3841 exercitu

253 3882 331 3943 ram
341 3862 783 3940 msmwsabueacmffir.
822 3863 963 3945 maroa
973 3858 1269 3997 anemurium
