2942 4634
342 252 1060 350 PRAEFATIOJ

189 393 260 496 gula
274 391 416 494 insuper
430 416 514 494 qua
530 411 587 469 tot
602 389 687 466 locis
715 411 761 464 ex
779 389 971 468 Dodwcllo
986 393 1024 468 δι
1041 389 1153 494 Pagio
1166 391 1234 468 cx:

188 496 375 596 cerpfimus.
425 493 517 582 Sed,
541 515 587 566 nc
603 487 745 579 multis,
770 512 853 587 quat
862 496 935 592 jam
954 513 1056 566 antea
1067 491 1232 568 fadlafu-

189 617 277 672 erant
294 593 471 694 seperatim
488 590 569 666 ‘uris
585 587 739 692 publici,
764 591 953 666 &adrem
968 591 1122 668 nostram
1141 617 1233 690 quo·

188 696 233 770 ris
250 695 355 796 padio
373 691 466 796 spe&
512 711 592 775 ant,
612 689 814 765 nullatenus
831 687 994 788 iniquum
1012 713 1074 766 aut
1090 691 1233 770 inurba-

187 815 266 868 num
285 792 521 894 putavimus,
553 789 654 868 etiam
673 787 787 862 insciis
802 788 867 888 qui
883 789 1142 888 vulgaverant,
1175 817 1232 867 re.

188 897 311 969 audete
333 893 369 970 &
398 893 581 979 adunare,
610 889 693 963 licet
709 887 889 962 interdum
906 889 999 966 viros
1015 889 1141 966 dodlos
1156 915 1233 968 non

186 994 304 1071 leviter
322 995 414 1068 inter
436 991 469 1065 se
485 988 709 1065 commilluta
721 987 789 1063 fist
805 1013 817 1078 3
849 988 899 1065 ita
914 989 1009 1064 enim
1027 989 1153 1066 melius
1170 991 1233 1067 ali·

186 1095 323 1193 quando
331 1091 393 1166 ubi
407 1091 532 1167 vetitas
541 1090 647 1166 lateat
664 1108 827 1186 pateatne
844 1115 888 1188 ap
914 1091 1097 1168 ariturum.
1147 1091 1234 1170 Nec

186 1196 368 1268 tacendum
388 1193 482 1265 duco
499 1188 702 1290 primarium
720 1189 850 1262 recude
898 1213 929 1263 ae
942 1188 1234 1266 Praefationisau·

186 1293 315 1367 dotem
332 1289 432 1364 fuisse
451 1287 710 1390 Ampliffimum
728 1285 946 1386 Cuperum,
968 1289 1030 1387 qui
1048 1289 1233 1388 inopinan-

185 1390 558 1490 temTypograplrum
577 1392 621 1462 de
640 1412 680 1462 ea
695 1411 733 1461 re
750 1387 793 1460 ad
809 1392 978 1486 majorem
988 1389 1062 1464 veri
1079 1389 1234 1488 disquili·

185 1495 315 1566 tionem
328 1489 515 1566 monuerit.
569 1491 691 1586 Atque
699 1511 763 1561 nos
771 1487 915 1584 quidem
931 1489 1100 1564 Titulum
1118 1488 1167 1562 illi
1177 1497 1233 1562 De

185 1586 927 1690 MultitudineMarrymmpeneimposuimus3
948 1589 1233 1689 ptaecipuequod

187 1692 248 1776 (ob
262 1689 513 1790 supprimenda
528 1687 642 1762 studio
656 1687 724 1762 'suis
742 1686 827 1762 locis
837 1688 1035 1776 nonnulla,
1056 1691 1233 1788 inquibus

184 1787 384 1864 Ruiuartus
400 1786 617 1886 lingulariter
624 1791 797 1863 rationem
807 1786 956 1862 reddidit
963 1788 1234 1867 novissrmaeluae

185 1889 343 1966 editionis
361 1886 535 1962 Actorum
544 1889 773 1988 Martyrum)
792 1885 1016 1986 superfuturas
1030 1891 1138 1966 effent
1155 1907 1234 1968 tan·

184 1990 372 2064 tummodo
389 2011 471 2087 quae
488 1990 529 2062 ad
548 1987 813 2064 multitudinem
831 1991 1033 2086 Martyrum
1050 1991 1134 2064 totis
1151 1993 1237 2069 viri·

183 2088 246 2165 bus
273 2088 486 2163 afferendam
512 2086 678 2163 facerent.
730 2089 798 2164 Sed
822 2088 981 2160 neforto
999 2087 1177 2164 videretur
1194 2093 1238 2166 il-

181 2185 246 2262 lius
270 2185 491 2262 Praefationis
516 2186 605 2260 ratio
622 2207 759 2259 temere
774 2186 906 2258 anobis
923 2183 1153 2284 interpolata,
1176 2213 1238 2264 vt·

181 2310 234 2364 tus
256 2282 406 2361 Titulus
424 2281 577 2359 servatus
597 2283 665 2358 est:
691 2305 762 2356 noc
777 2281 1095 2383 aliudquidqutm,
1119 2286 1237 2366 landis

181 2389 321 2488 possum
343 2384 478 2473 dicere,
506 2405 552 2458 ex
568 2404 649 2459 toto
667 2405 776 2483 opere
792 2381 998 2483 abjedlum,
1023 2411 1129 2486 quarn
1147 2391 1235 2468 dura

181 2489 235 2562 illa
257 2489 352 2562 inter
362 2484 545 2572 eruditos,
566 2485 632 2572 dc,
656 2505 698 2559 ut
715 2481 925 2571 mimirum,
947 2482 1041 2563 inter
1050 2490 1234 2589 utriusque

183 2587 287 2686 partis
306 2587 469 2660 homines
486 2581 711 2662 controversa
731 2635 744 2673 ,
777 2585 901 2656 haemi
917 2587 1132 2686 appellatio,
1161 2615 1234 2690 qua

182 2687 383 2762 Ruinartus
400 2684 582 2784 aliquoties
599 2682 713 2760 voluit
733 2683 967 2761 adversarium
983 2685 1171 2778 infamare,
1196 2693 1237 2767 &

183 2811 247 2886 pto
262 2811 335 2886 qua
350 2811 415 2861 nos
437 2783 624 2860 humanius
649 2781 870 2860 cettiffimam
885 2807 954 2859 noc
971 2783 1115 2862 invisam
1131 2788 1240 2886 doliis.

174 2893 245 2978 fims'
267 2885 573 2984 nuncupationem
602 2883 876 2973 substituimus,
910 2905 973 2959 aut
999 2885 1130 2986 aliquid
1154 2892 1234 2969 tale.

183 2989 321 3084 Accipe
338 3007 435 3060 nunc
454 2985 489 3057 in
510 2986 607 3059 hunc
626 2983 773 3058 modum
792 3007 875 3057 curu
888 2983 999 3058 nobili
1017 2987 1236 3066 vetustislimi

185 3085 349 3162 Eccleliae
358 3085 467 3172 Patris
475 3101 712 3158 monumento
726 3079 965 3181 ampliffimam
982 3086 1144 3160 omnium
1161 3091 1237 3165 col.

185 3185 375 3261 ledlionem
386 3207 468 3284 quae
485 3185 527 3258 ad
544 3181 631 3257 illud
647 3184 975 3284 quomodocunque
989 3185 1236 3285 pertinebant3

186 3289 224 3362 dt
244 3285 270 3360 sr
292 3286 407 3358 minus
427 3283 809 3386 diligentiam‘aliquam
825 3282 861 3356 in
878 3307 919 3358 ea
939 3308 979 3358 re
995 3309 1141 3387 propter
1158 3310 1237 3365 tan.

185 3407 238 3461 tas
259 3383 685 3483 procrastinationesquac
703 3383 1008 3473 intervenerunt,
1034 3411 1237 3464 memoran-

185 3487 268 3560 dam
285 3487 351 3560 effe
366 3483 571 3573 existimas,
604 3483 684 3558 rudi
701 3481 820 3558 saltem
846 3509 900 3559 am
928 3483 995 3560 lius
1009 3491 1143 3586 qdanta
1166 3489 1238 3569 fide

185 3580 853 3682 suumcuiquettibutumvoluerimus.
914 3585 1240 3684 rimumomnium,

187 3707 271 3759 cunr
283 3685 405 3782 primae
414 3684 520 3782 partis
536 3681 867 3772 animadverfionts,
889 3709 978 3786 quas
994 3688 1038 3762 ab
1054 3687 1126 3762 aliis
1141 3713 1240 3767 acte·

186 3784 330 3883 pimus,
355 3807 429 3858 non
446 3805 570 3857 omnes
586 3781 687 3856 simul
703 3783 740 3856 in
763 3783 896 3860 nostras
913 3809 1037 3872 manus
1053 3789 1239 3884 venerint,

185 3883 246 3960 sed
261 3887 422 3986 quaedam
441 3882 543 3960 citius
562 3933 575 3974 ,
606 3885 769 3985 quaedam
785 3883 945 3977 tardids,
969 3887 1103 3986 priores
1122 3889 1242 3991 paffim

538 4055 540 4064 ,
570 4057 577 4087 -,
655 4076 662 4088 ,
701 3982 803 4088 “5
875 4013 882 4030 '
1136 3994 1248 4092 pn'ori

1320 4252 1335 4302 Ι
1366 4276 1367 4283 ,
