2942 4634
258 162 333 259 4415
405 155 568 233 Trition.
594 152 872 255 Rutunium
897 151 1164 247 tannim

260 264 504 335 vtrocertumest
520 264 737 357 Martyrologia
751 266 769 329 b
783 265 853 332 viris
869 265 1025 352 gravibus,
1042 284 1082 330 ex
1096 268 1270 352 antiquiori·

261 348 316 414 bus
324 350 540 419 monumentis,
560 348 791 433 &peculiarium
801 348 988 415 ecclesiarum
1007 350 1188 415 Kalendtriis
1205 356 1269 419 col.

260 428 337 497 lella
345 430 444 497 fuisse:
463 450 531 518 quae
540 450 608 494 cum
617 433 654 495 ab
663 429 807 517 episcopis
815 433 976 579 approbata
990 428 1123 500 luiffent,
1145 435 1269 518 publice
1368 439 1369 454 ¹

261 515 293 581 in
308 512 506 579 eccleliallicis
523 514 719 577 conventibus
736 514 812 578 lecta
838 517 964 596 uerunt3
984 512 1048 577 urii
1065 515 1199 581 omnium
1207 520 1270 583 san·

264 595 554 663 llorumfestivirates
563 596 704 661 celebrari
714 618 773 660 non
781 593 913 682 pollent,
934 616 1037 661 eorum
1052 595 1153 661 saltem
1168 601 1267 686 aliqua

261 679 508 747 commemoratio
521 678 622 747 fieret,
654 698 717 743 tum
735 680 767 743 in
783 678 913 744 telieram
929 679 1165 748 communionis,
1195 702 1266 767 quae

262 758 482 828 interecclefias
500 761 659 826 catholicas
678 761 779 826 habeti
796 762 904 826 debet:
927 780 1073 826 tumutea
1088 763 1202 829 ratione
1215 768 1268 831 ati·

262 844 326 932 quis
336 844 434 908 saltem
444 842 539 907 cultus
549 844 655 907 exteris
665 843 754 908 eriam
766 845 948 922 Martyribus
964 846 1163 911 exhiberetur.
1206 847 1269 913 Ce-
1368 863 1369 870 ¹

261 938 356 994 terum
364 924 581 991 falsoconfitlas
590 928 757 1009 Martyrum
766 925 1049 1011 historiasignittadi
1066 927 1170 1003 jubent
1179 932 1270 995 Trul-
1368 983 1369 1000 ,

261 1010 318 1075 lani
326 1008 445 1074 concilii
457 1008 557 1072 Patres
568 1020 695 1091 can.63.
712 1028 872 1094 vetantque
882 1012 957 1072 nein
973 1006 1095 1073 ecclefia
1110 1009 1267 1096 legantur:

261 1095 417 1183 'eosaurem
426 1092 477 1177 qui
486 1109 532 1157 eas
541 1089 738 1241 admitterent1
741 1131 752 1163 ,
759 1091 950 1241 x:praebemati
958 1088 1125 1174 subiiciunt.

302 1254 375 1325 Poll
383 1252 508 1322 affertam
514 1252 658 1321 Eccleliae
666 1256 824 1321 catholicae
838 1244 876 1321 d'e
892 1259 1061 1337 Martyrum
1076 1257 1270 1326 multitudine

261 1340 472 1410 traditionem,
490 1342 583 1404 reclus
595 1340 672 1405 ordo
687 1338 831 1426 postulat,
850 1360 883 1405 ur
891 1337 999 1425 aliquid
1014 1340 1052 1403 de
1061 1357 1108 1403 tor
1122 1338 1269 1407 carnifici·

263 1440 364 1486 narum
380 1418 468 1487 caulis
483 1422 671 1509 inquiramus.
713 1422 859 1486 Prima&
877 1422 1046 1505 praecipua,
1063 1422 1133 1513 poll
1148 1424 1267 1509 religio-

262 1524 354 1574 nem,
375 1500 507 1569 adversus
517 1502 628 1569 nostros
644 1506 766 1573 inuidiae
780 1502 862 1568 causa
879 1524 918 1567 ex
931 1504 1084 1569 calumniis
1100 1507 1266 1591 profluxit,

261 1582 896 1674 quodChrillianiquafihominetflagirioii,
916 1588 949 1651 bc
964 1585 1265 1655 omniumcriminum

261 1668 493 1737 reihaberentur.
533 1670 621 1733 Hanc
629 1672 802 1756 opinionem
812 1671 1063 1757 apudotunesjam
1079 1666 1132 1735 sub
1143 1672 1269 1737 Nerone

263 1770 414 1836 receptam
432 1748 533 1821 fuiffe,
552 1772 591 1817 ex
609 1751 655 1817 his
672 1772 739 1839 quae
747 1751 831 1839 supra
846 1752 975 1815 diximus
994 1748 1117 1816 constat.
1160 1754 1267 1821 Paullo

286 1832 329 1898 ost
342 1835 372 1898 in
388 1832 592 1899 anricidiorum
610 1871 622 1906 ,
650 1854 683 1901 ac
699 1834 908 1899 concubituum
932 1832 1160 1899 incestuosorum
1178 1837 1265 1901 Cbri·

262 1852 345 1982 ilani
361 1914 460 2001 pallim
470 1916 593 1981 accusari
606 1916 809 1987 inveniuntur,
827 1914 908 1979 forte
923 1916 1136 1981 haereticorum
1151 1920 1267 2004 aliquit

262 1994 436 2069 occafione,
454 1999 505 2083 qui
518 1996 660 2080 ejusmodi
672 1996 805 2085 flagitiis,
823 1998 970 2062 ementito
985 1997 1159 2064 Christiano
1172 2002 1269 2067 nomi·

262 2092 322 2152 ire,
339 2100 460 2165 operam
469 2081 576 2146 dabant
592 2106 602 2163 ;
623 2100 671 2146 aut
680 2084 851 2159 Judaeotum
859 2079 1031 2149 calumniis,
1048 2082 1103 2167 qui
1112 2084 1187 2147 nibil
1204 2105 1267 2150 oon

263 2162 443 2233 movebant,
463 2162 661 2251 utgentilibus
669 2163 830 2231 Christiani
842 2159 927 2228 invisi
941 2162 1142 2231 redderentur.
1185 2168 1269 2232 Hinc

263 2245 353 2313 toties
370 2244 400 2309 in
420 2244 506 2313 Aeris
524 2249 712 2329 Martyrum,
743 2266 792 2311 aut
807 2265 939 2312 veretum
956 2250 1075 2311 Parrum
1091 2246 1269 2331 opusculis,

263 2326 476 2409 Thyestetrum
492 2331 661 2413 epularum,
691 2332 722 2395 &
734 2329 939 2412 Oedipeorutn
956 2329 1166 2392 concubiruum
1185 2353 1273 2395 meu·

264 2410 308 2479 lio
317 2410 454 2474 recurrit:
476 2409 494 2473 l
523 2412 607 2475 uibus
620 2412 692 2476 licet
709 2409 868 2477 Christiani
884 2407 942 2472 sese
959 2430 1019 2475 tam
1037 2410 1151 2502 egregie
1166 2413 1273 2478 vindi·

263 2491 412 2561 caverint,
432 2511 464 2555 ut
477 2430 563 2585 teies
579 2492 644 2557 sunt
657 2494 822 2581 Apologiae
840 2488 964 2572 justini,
983 2494 1139 2576 Quadrati,
1158 2494 1272 2559 Athe·
1368 2553 1369 2560 ,

263 2572 469 2671 bagorae,&c.
491 2574 1062 2669 ubiejusmodicalumniaeconfutantur,
1081 2574 1149 2639 ltaec
1163 2594 1271 2670 tamen
1368 2575 1369 2598 ¹

264 2677 367 2811 llll?
371 2655 1271 2828 r’llnllllbll³3:2²{l531‘lllss22llfil‘2flrlgtt

264 2843 348 2895 tent,
374 2818 606 2885 Christianorum
623 2816 718 2885 statim
733 2818 889 2886 sceleribus
905 2824 1160 2894 attribuerentur,
1187 2822 1269 2911 quafi

265 2910 309 2975 dii
319 2926 421 2971 eorum
439 2900 553 2989 flagitiis
571 2902 733 2991 exasperari
751 2904 907 2989 imperium
925 2905 1096 2969 Romanum
1113 2906 1270 2971 variiscla.

266 2992 353 3058 ilibus
362 2988 490 3073 affligere
500 2986 711 3055 nonceffirerr.
753 2992 804 3060 Si,
824 2987 920 3073 inquit
929 2986 1129 3052 Tertullianus
1143 2991 1268 3072 Apolo-

265 3070 355 3176 'getici
365 3088 494 3153 cap.4o.
516 3068 621 3135 Tiberis
635 3069 922 3155 asrmditadmoenr'a,
932 3070 963 3149 fi
974 3071 1059 3135 Nilus
1073 3094 1129 3135 non
1142 3071 1268 3157 ascendit

265 3174 388 3225 rnarva,
401 3152 630 3239 ficaelumflcrir,
639 3154 861 3236 firrrramotrir,
877 3154 1017 3233 fifamrs,
1030 3154 1060 3233 fl
1073 3154 1150 3223 lues,
1166 3158 1268 3241 flotin

263 3238 433 3322 christianos
448 3234 485 3297 ad
498 3235 608 3305 leonem.
649 3236 707 3300 His
722 3228 827 3299 limilia
842 3234 931 3297 habes
948 3233 1025 3319 apud
1041 3235 1270 3321 Cyprianumin

262 3317 386 3390 iibroad
397 3316 624 3385 Demetrianum
633 3358 644 3390 ,
663 3313 898 3403 aliosquepaffim
914 3320 1056 3385 auctores.

273 3406 277 3414 '
306 3400 402 3487 Aliud
409 3398 560 3487 eratquod
568 3401 826 3487 maximegentiles
841 3400 871 3463 in
891 3401 1071 3469 Chrillianot
1087 3422 1268 3467 commoro-

265 3484 336 3567 bat,
357 3482 438 3567 quod
454 3482 486 3545 hi
502 3478 612 3569 scilicet
648 3506 682 3549 ro
698 3487 779 3548 bono
788 3483 977 3567 Reipublicae
991 3482 1083 3551 statu,
1104 3488 1266 3570 autlmpe·

266 3572 415 3647 rarorum,
435 3506 689 3650 velpatriaesaiute
707 3562 809 3631 offerri
823 3566 960 3630 sacrificia
976 3566 1199 3652 improbarent,
1218 3564 1266 3630 tis·

290 3672 325 3715 ue
333 3670 386 3713 nec
394 3644 505 3715 adesse,
525 3647 971 3799 necetiamlivepueirdpublicom
990 3646 1050 3713 five
1064 3671 1119 3733 per
1132 3649 1267 3743 privatos

314 3748 481 3819 peratomm
494 3735 760 3847 gemosjuareacq
817 3751 930 3805 cenent.
946 3730 1272 3883 Adhae'c²ch3ffl
