2942 4634
354 225 527 307 Noun
577 227 636 303 '1u
688 212 1110 309 Lucanuatuuss
1192 235 1259 335 2'47

162 414 164 416 ,
223 354 352 415 affirmari
362 372 419 411 noo
431 350 532 429 poffit.
551 349 627 430 quod
640 366 742 409 munus
755 349 867 408 aidanus
878 349 924 410 hic
940 350 1056 430 gefferit
1094 352 1146 414 Sed
1164 363 1258 418 umen

135 430 139 436 ’
224 452 291 491 eum
304 444 453 489 erraturum
466 429 623 507 neutiquam
635 440 725 505 puto,
745 430 795 506 qui
811 428 1015 488 Maximinumx
1164 434 1259 491 existi-

224 523 284 645 sfnet
293 508 530 640 quqmcunquenqu
542 504 1258 645 lMppiovmcqagoipsadumbSictiicqepanpffltis

223 592 412 723 Iffidlgqpiaptp
425 602 595 739 (libaqulbtls,
614 602 690 718 ull?
698 600 756 717 allis
773 600 886 717 alilmostb
904 602 1106 736 plbehdlsmm
1126 608 1256 730 Vicarllll

223 741 307 799 videri
318 740 406 817 potest
418 738 527 795 Notitia
540 738 664 815 Imperii:
683 735 961 815 inlnsmiptionibusa
971 740 1098 799 Reinefio
1111 740 1189 799 editis
1195 761 1254 802 me·

222 833 345 876 motatur
356 818 467 876 Flauias
480 812 567 892 Rufus
579 814 690 873 Sabinus
706 812 855 895 Volustauus
870 817 986 875 uscerius
998 812 1064 893 Afie
1071 842 1080 888 5
1102 820 1147 883 δι,
1165 820 1254 880 Vinus

221 894 394 953 Nicomachus
407 894 555 951 Flavianus
561 894 678 953 pacarem
685 890 800 970 Africae5
821 892 936 971 atquein
943 894 1049 952 Libello
1062 898 1252 955 PreeumFau·
1306 922 1311 931 Χ

222 972 285 1030 stini
296 992 356 1051 pag.
374 988 416 1043 14.
430 974 565 1037 occurrit,
585 972 700 1029 locarius
712 972 848 1047 Hispania.
887 973 1253 1051 lngenereautemsecarm

222 1064 352 1115 vocatur,
372 1050 419 1127 qui
430 1048 540 1107 alterius
553 1049 646 1107 vicem·
654 1047 740 1127 gerit,
760 1047 804 1105 vel
816 1048 892 1105 alteri
905 1048 1001 1108 lervit:
1022 1048 1162 1128 itaserosu
1175 1054 1252 1109 vica-

221 1128 298 1189 riam
311 1126 376 1183 teste
390 1125 521 1203 Ulpiano.
541 1126 622 1185 servit
633 1123 710 1181 servo
722 1124 874 1183 ordinario:
893 1130 1251 1188 viclntosstsmeocos

221 1203 315 1261 inlus.
331 1222 373 1259 12.
395 1220 518 1264 ntxxx.
545 1204 593 1282 qui
611 1201 705 1279 coquis
717 1202 809 1279 praeest
828 1203 891 1261 loco
909 1202 981 1261 illius
1001 1204 1050 1293 qui
1063 1204 1202 1262 ineosim
1237 1240 1252 1253 -

220 1280 297 1339 tium
309 1278 439 1347 habebat5
460 1284 489 1339 δι
502 1282 597 1339 Vicarii
610 1280 693 1338 nostri
704 1279 732 1338 id
744 1298 848 1340 nomen
864 1279 962 1340 habent
974 1281 1096 1359 retpeuu
1109 1222 1253 1358 melfa

220 1375 272 1414 um
286 1358 426 1433 praetorio,
448 1356 491 1428 vel
509 1356 671 1423 Praefidum,
690 1374 811 1435 quorum
823 1360 911 1417 vicem
926 1359 1161 1427 administrabant5
1177 1360 1251 1419 uude

221 1434 350 1493 Sextilius
363 1432 500 1513 Agesilaus
513 1434 636 1493 AEdestus
650 1436 679 1493 in
693 1434 779 1511 lapide
799 1435 911 1514 antiquo
931 1447 1067 1502 vomtm,
1086 1435 1250 1495 Vienntus

219 1512 469 1585 Puneeecsuulu
490 1514 549 1570 Pus
570 1515 776 1581 Htselutns5
804 1517 833 1574 bt
850 1532 906 1591 cap.
927 1531 990 1571 xvi.
1018 1512 1171 1571 Lamnum
1191 1532 1251 1573 me*

219 1600 319 1725 moradtv
329 1588 474 1649 Hieroclem
494 1610 527 1647 ex
546 1592 645 1650 sacaria
657 1586 812 1667 Prefidems
831 1590 882 1669 qui
899 1590 972 1648 male
983 1609 999 1649 a
1010 1588 1096 1649 Gallis
1113 1590 1250 1659 redditur,

217 1673 288 1724 um
308 1683 359 1725 ent.

258 1664 630 1826 §djuscorporiseorum...]
652 1740 1063 1882 HaecsuntdonaEcclesslplicu}
1085 1744 1248 1805 &locushic

218 1819 288 1879 clare
299 1822 420 1890 evincit,
440 1835 501 1881 ante
508 1822 678 1881 Constantini
691 1824 787 1901 Magni
799 1823 888 1903 legem
895 1825 973 1885 Eccle
984 1841 1022 1880 tas
1033 1822 1254 1882 Christianorum

218 1896 299 1959 bona,
322 1914 353 1959 ut
366 1912 479 1965 vocant.
501 1899 655 1958 immobilia
665 1898 811 1977 polsediffe.
851 1902 974 1983 Julianus
985 1899 1014 1957 id
1025 1899 1185 1975 prohibuit5
1206 1900 1250 1957 uti

218 1974 327 2033 testatur
341 1978 403 2035 ndo
416 1979 444 2036 in
458 1980 572 2055 Martyr.
592 1996 651 2057 pag.
669 1978 730 2036 108.
750 1978 789 2035 illi
811 1999 845 2037 ue
857 1993 929 2038 certe
941 1975 1124 2053 adstipulatum
1137 1972 1249 2032 luilsent

219 2050 397 2113 Faustinus&
411 2054 579 2114 Marcellinus
586 2080 595 2123 5
613 2056 678 2133 quia
684 2056 713 2111 in
726 1998 833 2115 Libello
840 2060 955 2114 Precum
962 2073 1023 2132 pag·
1033 2070 1077 2109 21.
1087 2052 1124 2111 ita
1130 2050 1251 2128 loquun-

219 2138 274 2183 tur.
313 2129 363 2184 Sed
373 2132 427 2186 ideo
440 2137 545 2188 nominis
556 2132 627 2205 istius
639 2134 722 2187 etiam
734 2149 795 2184 eum
810 2135 879 2187 omni
891 2134 1009 2189 dedecore
1028 2128 1191 2207 querebatur
1201 2143 1250 2185 au-

219 2204 338 2268 unitas,
357 2223 389 2259 ne
402 2204 451 2261 illis
461 2205 599 2280 poffifflones
616 2200 728 2277 Eccleſse
740 2205 900 2263 tolerentur:
920 2224 985 2283 quus
998 2212 1102 2265 utinam
1113 2222 1248 2282 nmquam

212 2278 305 2357 paffedi
324 2295 350 2337 et
363 2275 489 2356 Ecclefia,
507 2294 539 2336 ut
551 2278 690 2357 apostolico
704 2295 772 2335 more
782 2278 969 2353 nioemfidem
986 2281 1117 2356 integrans
1138 2280 1251 2340 invilla·

218 2358 305 2415 lilim
333 2359 449 2416 vaderet.
549 2410 557 2417 .
1166 2356 1175 2371 ’

198 2456 204 2461 ·
256 2361 429 2515 Jusblporn
442 2432 586 2508 eorum...]
609 2432 739 2491 Edictum
759 2429 815 2491 hoc
834 2434 982 2493 Maximini
994 2433 1130 2513 permittit
1141 2435 1248 2494 unicui-

216 2531 270 2647 que
282 2513 364 2572 deum
377 2512 482 2580 colere,
502 2529 694 2644 quemcunque
707 2509 809 2569 vellet:
828 2529 948 2589 eumque
966 2512 1066 2591 finguli
1084 2510 1141 2570 fere
1159 2514 1248 2596 genti-

229 2594 287 2647 ium
307 2591 344 2648 dii
357 2588 486 2651 haberent
515 2587 554 2645 ibi
572 2588 687 2645 devotos
705 2586 832 2646 homines
844 2588 873 2645 in
886 2607 975 2646 unum
995 2607 1092 2665 colpus
1108 2591 1247 2655 redactos.

215 2666 282 2723 hinc
294 2665 417 2723 limiliter
430 2664 464 2721 de
479 2662 637 2721 Christianis
648 2664 770 2743 loquitur
781 2690 790 2733 5
811 2666 911 2742 quippe
922 2667 972 2746 qui
991 2666 1111 2725 Numini
1123 2667 1248 2744 Majesta·

216 2743 293 2820 tique
315 2761 343 2797 u.
360 2763 389 2799 u.
404 2762 426 2798 1.
441 2760 468 2797 c.
488 2752 562 2798 eraut
579 2740 679 2799 devoti.
718 2743 751 2799 ln
762 2740 892 2818 lapidibus
905 2742 1014 2803 vetustis
1033 2744 1152 2801 occurrit
1165 2748 1247 2803 Cou-

217 2836 335 2877 tnotuu
351 2831 532 2876 absentasti
549 2834 586 2875 en
602 2834 732 2875 uentae.
747 2836 926 2877 unucnenus
943 2839 1004 2894 opp
1020 2838 1104 2877 enan
1122 2842 1158 2879 tu
1172 2840 1249 2879 coe·

217 2915 285 2953 uto.
307 2914 452 2953 seuleus.
466 2912 595 2951 conten.
618 2914 744 2953 nannum
755 2910 900 2956 ‘venenis
915 2922 923 2964 5
944 2897 1089 2976 dequibus
1099 2898 1164 2957 alibi
1175 2898 1251 2957 dabi-

214 2986 261 3031 tur
271 2974 431 3050 propediem
443 2972 582 3031 differendi
601 2971 684 3029 loeus.
725 2974 762 3028 At
782 2991 816 3028 ue
835 2975 878 3030 uti
901 2972 960 3033 haec
978 2992 1091 3050 corpora
1108 2994 1180 3033 arcas
1191 2973 1249 3034 suas
1397 3014 1399 3043 ,

215 3054 244 3109 &
256 3068 348 3129 agros,
369 3051 441 3109 unde
461 3049 584 3126 sumptus
604 3046 756 3113 faciebant,
796 3048 928 3111 abebant.
954 3050 992 3109 ita
1006 3053 1089 3109 etiam
1102 3051 1249 3111 Christiani
1309 3116 1312 3121 ,
1397 3058 1399 3117 Ξ

212 3126 284 3186 bona
297 3126 343 3185 sua
356 3126 524 3203 poffidebant
532 3152 540 3196 5
561 3127 611 3204 qui
619 3132 715 3183 tamen
728 3142 825 3183 omnes
831 3128 946 3192 reditus,
965 3126 1114 3205 omnesque
1125 3130 1245 3188 eleemo-
1371 3133 1378 3140 '
1397 3126 1399 3175 l

142 3203 147 3212 '
214 3203 302 3283 synas,
323 3204 352 3261 in
365 3222 492 3281 pauperes
503 3205 663 3282 erogabant,
682 3220 732 3259 nec
748 3202 780 3258 iis
792 3204 893 3262 otiosos
905 3217 1009 3263 ventres
1023 3205 1135 3263 alebant.

201 3280 206 3287 “
253 3283 419 3341 Beatitudine
427 3280 587 3356 publica...]
610 3282 645 3337 Et
661 3278 717 3339 haec
730 3294 786 3336 vox
805 3278 940 3346 solennis,
961 3296 1044 3363 atque
1056 3283 1122 3339 aden
1141 3282 1171 3339 iu
1186 3282 1249 3361 ipfis

147 3384 152 3407 ι
217 3360 338 3415 nummis
350 3358 430 3416 obvia
443 3358 503 3425 est5
524 3369 644 3416 acnotat
663 3356 845 3435 tranquillum
863 3357 1018 3419 &felicem
1039 3360 1118 3438 Reip.
1139 3360 1249 3420 statum.

218 3434 518 3567 B‘affmmsmlum
536 3435 606 3493 dixit
626 3434 757 3495 Tacitus,
777 3452 833 3511 cap.
842 3450 867 3510 3.
882 3437 973 3512 Agric.
993 3440 1148 3513 eeaoiffimos
1162 3446 1203 3496 ce
1215 3458 1248 3496 a·

203 3524 256 3568 'res
295 3513 395 3569 azarius
405 3530 462 3589 cap.
474 3532 496 3569 1.
507 3516 534 3571 δι
546 3512 656 3570 ultimo.
677 3513 1087 3591 Beatifflmamoidoriamscap.
1099 3534 1142 3593 3²·
1152 3518 1180 3575 δι
1203 3534 1249 3575 ea-

218 3590 358 3647 ts'tudinem
369 3590 439 3647 urbis
454 3610 510 3667 cap.
528 3607 568 3665 33.
585 3608 652 3666 pane
690 3588 749 3645 rici.

260 3666 362 3723 Prolata
370 3677 413 3741 pro
444 3683 560 3724 ommate
572 3682 616 3724 tuo
625 3606 689 3741 ..ἦν
697 3664 836 3744 Significat
854 3667 993 3746 praefidem
1006 3668 1155 3748 provinciae
1167 3668 1250 3748 scrip-

216 3754 248 3799 to
260 3742 367 3820 publice
378 3742 515 3820 proposito
527 3742 674 3819 fignificate
688 3742 784 3801 debere
796 3783 805 3807 ,
819 3744 845 3802 se
859 3745 911 3804 tale
922 3748 1043 3806 edietum
1057 3747 1090 3806 ab
1103 3750 1251 3824 Imperato-

217 3819 291 3880 ribus
305 3818 429 3899 accepire
436 3845 446 3891 5
466 3820 619 3903 pulsumque
631 3819 700 3887 effe,
718 3834 752 3878 ut
765 3821 834 3883 istud
846 3822 976 3904 affigeret.
1015 3827 1103 3885 Luctus
1115 3824 1161 3885 hic
1179 3837 1251 3914 certe

685 3892 802 3981 Qut
1074 3900 1399 3963 'mmm
