2942 4634
383 251 416 327 P
460 246 505 321 R
554 246 606 323 AE
652 247 685 325 F
732 248 769 325 A
816 248 859 325 ’Τ
910 253 928 341 I
980 252 1033 329 0:

152 356 290 444 Caesat,
312 354 481 460 idemque
496 354 588 431 lilius
609 356 811 457 Vespasiani
831 358 983 461 Augusti
1002 356 1181 462 quidpiam
1199 365 1259 439 au-'
1291 432 1294 440 .

153 457 327 561 §totitatis
343 485 384 542 ac
404 456 585 559 potestatis
601 458 704 559 supra
719 458 875 561 privatos
903 482 1072 561 praetores
1096 460 1259 551 haberet,

152 558 268 641 eidem
287 562 431 653 confidere
443 564 601 653 inperium
616 558 651 637 S.
670 558 713 635 C.
725 561 909 637 decretum
925 560 1021 652 suit,
1046 563 1144 662 quod
1162 563 1259 639 nuda

152 658 213 736 illa
233 657 376 742 Caesaris
399 658 588 761 appellatio
605 658 746 734 nullum
772 661 886 737 eidem
905 662 1095 765 imperium
1122 662 1258 738 tribue·

152 758 226 861 bat.
261 762 403 837 Marcus
423 760 589 859 Aurelius
604 761 694 837 filios
714 762 829 855 adhuc
845 788 973 862 pueros
990 762 1143 842 Caesares
1161 788 1256 838 crea·
1334 774 1339 785 '

150 860 224 951 vit,
239 864 339 937 nullo
349 887 433 938 cum
445 861 749 963 eisdemimperio,
762 867 862 963 cujus
876 864 924 939 ub
939 886 1079 941 aetatem
1095 865 1256 949 nondum

152 982 442 1064 capaceserant,
465 962 744 1048 communicato.
787 966 884 1041 Idem
912 990 1000 1041 vero
1044 965 1098 1039 ost
1122 988 1256 1039 annum

150 1089 322 1160 nonum,
348 1062 537 1169 imperium
571 1064 820 1167 proconsulare
851 992 1058 1143 Commodo
1093 1064 1257 1155 tradidit,

150 1189 238 1245 ante
253 1169 353 1265 quod
370 1166 442 1242 fine
460 1164 536 1240 ullo
551 1165 703 1267 imperio
721 1166 838 1267 Caesar
853 1190 993 1244 tantum
1014 1165 1138 1243 fuerat.
1171 1166 1258 1243 Ete-

149 1268 227 1341 nim
249 1267 400 1369 Augusti
421 1267 631 1367 potestatem
653 1291 761 1369 atque
783 1268 972 1371 imperium
997 1268 1088 1345 intra
1112 1264 1257 1341 Urbem

151 1366 216 1443 fibi
241 1367 489 1457 reservantes,
525 1366 618 1444 filios
649 1370 803 1444 Caesares
839 1370 989 1469 imperio
1017 1364 1257 1469 proconsulari

80 1557 81 1560 Ἴ
150 1490 255 1543 extra
264 1467 406 1544 Urbem
422 1467 665 1571 infigniebant.
693 1471 1052 1569 ltaqueCommodus
1071 1492 1110 1541 ac
1129 1463 1258 1566 reliqui

151 1566 325 1657 Caesares,
349 1592 432 1645 ante
459 1569 648 1669 imperium
665 1568 942 1669 proconsulare,
976 1568 1091 1643 omnis
1114 1565 1256 1665 imperii

151 1690 315 1768 expertes
341 1669 585 1746 censebantur.
636 1671 738 1746 Hinc
765 1694 846 1745 cum
872 1694 965 1745 anno
1000 1688 1067 1765 ¹75
1105 1666 1255 1741 Senatus

151 1768 321 1855 nuntium
339 1767 434 1845 necis
449 1768 567 1845 Avidii
581 1770 615 1845 C
619 1767 690 1842 allii
707 1772 911 1869 accepisset,
940 1769 1032 1843 inter
1044 1763 1180 1839 festivas
1197 1789 1256 1841 ac·

152 1868 379 1945 clamationes
394 1868 530 1958 absenti,
540 1870 593 1945 M.
612 1869 760 1945 Aurelio
790 1869 922 1958 saclas,
947 1867 1135 1951 dixerunt,
1166 1862 1255 1959 (bm-

151 1968 239 2039 modo
252 1975 407 2066 imperim
416 1968 530 2066 justum
543 1993 678 2068 rogamus
692 2020 704 2057 ,
738 1968 896 2062 ffimmodo
911 1966 1115 2053 Tribunitiam
1132 1962 1254 2058 patesta-

150 2087 214 2141 tem
230 2096 377 2171 rogamus.
403 2072 491 2147 Erat
501 2069 611 2170 igitur
622 2070 845 2144 Commodus
861 2066 1111 2167 fincimperio,
1128 2085 1254 2163 quam-

152 2170 206 2246 vis
218 2173 295 2283 jam
312 2172 395 2249 inde
409 2173 455 2249 ab
471 2197 565 2247 anno
585 2168 651 2243 166
674 2169 908 2255 Caesarelset,
930 2168 1121 2247 destinatus
1137 2187 1256 2243 tamen

153 2272 195 2345 ad
215 2273 435 2369 imperium,
463 2273 561 2372 quod
579 2294 751 2345 unacum
767 2268 976 2345 Tribunitia
999 2268 1171 2369 potestate
1196 2292 1256 2339 co·

152 2369 235 2448 dem
246 2373 393 2445 demum
418 2398 512 2448 anno
535 2395 602 2470 175
615 2371 761 2470 accepit.
806 2372 906 2445 Idem
927 2368 1151 2445 Commodus
1168 2390 1253 2441 cum

151 2467 326 2545 Albinum
336 2470 482 2547 Caesaris
498 2474 644 2545 nomine
652 2470 826 2556 donasset,
851 2469 908 2543 hic
920 2468 1038 2568 postea
1054 2466 1252 2565 Imperator

151 2592 219 2669 pro
235 2568 409 2642 concione
425 2569 532 2651 dixit,
565 2572 764 2642 Commodum
779 2568 939 2641 donantem
960 2593 1007 2638 me
1025 2568 1182 2661 Cosmiano
1199 2590 1254 2633 uo·

150 2670 401 2759 minecontempst.
423 2667 514 2739 Non
523 2666 712 2765 imperium
722 2666 1039 2754 Caesareumdixit,
1054 2667 1110 2743 sed
1121 2688 1253 2767 purum
1378 2744 1383 2757 ‚

151 2788 282 2869 putum
301 2787 434 2840 nomen
460 2763 673 2841 Caesareum.
712 2766 860 2841 Horum
886 2770 1011 2844 auetor
1028 2766 1251 2869 Capitolinus

152 2892 229 2967 cap.
238 2870 320 2945 n&
332 2891 363 2972 3.
372 2862 410 2941 in
419 2864 562 2945 Albino.
583 2864 677 2941 Haec
692 2866 785 2965 apud
795 2866 929 2943 Virum
947 2890 1019 2945 tam
1035 2871 1254 2969 praeclarum,

150 2968 384 3047 &Fastorum
403 2965 1034 3069 comestorem&conditoremcujus
1049 2965 1253 3050 amicitiam,

151 3069 411 3149 humanitatem
427 3071 465 3146 δε
481 3066 716 3146 eruditionem
739 3069 883 3143 maximi
907 3068 996 3143 facio
1012 3121 1024 3156 ,
1057 3066 1254 3164 leguntur;

149 3191 262 3269 atque
281 3171 399 3257 exiis,
424 3168 579 3256 Ledor,
604 3167 796 3269 perspicere
813 3168 913 3241 simul
930 3188 1054 3265 potes,
1083 3188 1156 3238 non
1176 3188 1252 3239 ma-

150 3268 185 3344 le
198 3270 381 3368 Julianum
398 3270 464 3346 sese
478 3270 635 3356 vocalis,
653 3274 845 3363 apparitorem
850 3266 953 3359 fidum
969 3292 980 3353 3
1006 3266 1043 3341 &
1061 3262 1250 3341 Galerium

150 3370 413 3446 Maximianum
431 3372 523 3471 apud
536 3368 766 3445 Lauantium
789 3390 861 3465 cap.
882 3392 916 3467 9.
941 3363 1056 3440 causas
1072 3365 1249 3454 habuisse,

152 3494 264 3570 quare
278 3471 488 3547 detreblaret
497 3470 642 3545 Caesaris
651 3491 800 3552 nomen,
816 3462 1068 3566 cumqueillud
1081 3464 1116 3539 in
1125 3465 1250 3543 litteris

154 3572 197 3646 ad
213 3573 247 3646 se
261 3570 348 3647 datis
359 3572 526 3657 audisset,
543 3569 755 3643 exclamaret
776 3566 869 3643 truci
886 3566 991 3646 vultu
1010 3592 1049 3641 ac
1071 3591 1161 3643 voce
1179 3590 1249 3643 tet·

153 3670 266 3761 tibili,
281 3676 442 3772 Quasque
453 3676 567 3764 caster?
585 3674 621 3745 ὅ(
641 3694 750 3769 quare
776 3669 918 3744 tandem
941 3665 1106 3743 Galerius
1132 3667 1247 3741 Maxi-

154 3770 271 3848 minus
283 3796 312 3848 c,
322 3796 380 3875 32,
403 3796 457 3843 nec
468 3771 663 3865 Cesaram-se,
679 3794 732 3841 nec
743 3775 824 3839 tertio
839 3772 897 3840 loca
916 3773 1065 3841 nominari
1080 3764 1204 3843 vukbat.

205 3874 300 3949 Haec
312 3874 541 3949 commodum
559 3870 782 3971 digesseram,
804 3896 886 3949 cum
897 3896 977 3949 ecce
994 3868 1079 3945 mihi
1095 3864 1249 4042 littqqmd

1197 3992 1249 4039 rto
