2942 4634
216 234 221 239 ·
346 216 513 287 Nora
565 235 629 284 ru
677 188 1096 288 Lacraurruu·
1155 210 1226 313 279

196 346 226 409 ui
238 343 366 407 nomine,
387 342 503 421 ficales
519 340 673 420 appellabat.
714 339 794 401 Nihil
807 340 974 421 frequentius
990 343 1020 401 in
1038 343 1104 403 aetia
1120 346 1227 434 Marrp.

184 426 275 488 rum,
294 422 323 481 io
336 424 452 501 Legibus
463 420 535 481 illius
547 421 613 485 aevi,
633 420 663 477 in
679 418 788 476 Notitial
802 418 940 501 utriusque
959 421 1091 497 Imperii,
1109 420 1227 499 scriptis·

195 519 255 578 que
266 500 330 558 aliis.
369 502 432 558 lmo
450 503 478 559 δι
500 498 663 560 Suetonium
683 498 714 553 in
730 495 889 573 Vespafiano
910 497 946 555 fic
966 496 1092 557 locutum
1108 499 1226 558 ostendit

194 586 206 635 ὁ
223 586 286 639 πάνυ
301 577 471 639 Gronovius,
491 576 521 634 in
534 574 646 634 Observ.
658 576 691 633 ad
704 572 845 651 scriptores
855 573 1054 639 Ecclefiastioos.
1074 578 1118 633 Sic
1125 576 1225 635 Orien-

194 654 228 711 tis
241 654 354 733 quidam
368 657 470 713 Comes
485 672 536 711 me
550 652 678 711 homines
691 651 805 711 habebat
817 654 846 710 in
861 652 956 711 officio
973 674 981 710 z
1000 650 1140 731 prefectus
1152 656 1224 711 Prae·

194 732 259 789 torii
272 730 385 801 Africae,
406 734 601 799 cccxcviii,
621 729 666 788 alii
680 728 782 806 plures,
802 730 1005 807 aliipaueiores',
1025 744 1108 808 prout
1120 732 1226 790 reseri-

194 824 265 939 firm·
277 809 436 898 ‘videbaturq
472 810 621 898 Videquae
639 808 752 897 collegit
772 807 808 865 de
823 808 867 865 his
881 807 1062 903 .P²¹.²⁶i¹⁰¹¹.u⁸,
1071 809 1105 867 ad
1125 826 1226 896 capp.

226 897 313 943 otrtrae
327 889 438 964 imperit
451 886 579 945 Orientis.
621 889 670 945 Sta
690 885 836 944 contendat
853 884 972 965 aliquas„
991 883 1067 943 luca
1083 885 1227 946 lactantio

194 960 318 1019 Praesides
331 966 421 1039 potius
434 962 503 1041 ipsos
524 962 593 1029 dici,
612 968 641 1024 ι’,
654 961 755 1021 scilicet
769 966 816 1022 aral
835 966 901 1022 avoir
916 1006 923 1029 ,
947 973 994 1022 aut
1005 962 1066 1038 ipsis
1078 961 1159 1039 paulo
1170 980 1233 1020 ma-

192 1034 281 1113 jores,
302 1058 390 1115 pares,
410 1039 583 1119 supparesve,
602 1059 704 1121 magno

192 1115 263 1172 mini
276 1134 393 1197 namque
403 1116 454 1175 hos
465 1119 549 1176 etiarn
561 1117 653 1177 venire
665 1058 824 1176 offipctibrum
837 1114 967 1185 nomine,
1054 1118 1138 1175 ertim
1151 1114 1224 1193 ipso·

192 1210 257 1248 rum
271 1194 501 1272 contemplatione
512 1198 721 1273 Imperatorum.
761 1194 940 1267 SicTrajanus
948 1194 1037 1253 Plinio
1043 1193 1149 1257 scribit,
1169 1196 1225 1252 Di-

186 1267 346 1345 plomaribua
363 1292 416 1351 qua
435 1272 513 1349 officio
526 1273 665 1339 larderii,
686 1271 770 1349 Epist.
784 1269 834 1329 ult.
851 1269 898 1327 lib.
915 1290 956 1330 ιο.
996 1272 1041 1330 sic
1055 1271 1101 1330 alii
1119 1270 1228 1328 rursum

192 1346 329 1422 bithyniae
341 1349 468 1419 Praefidi,
488 1348 543 1409 hoc
554 1349 648 1414 libro,
667 1368 723 1426 cap.
735 1351 789 1421 48.
804 1348 947 1416 Licinius,
972 1350 1043 1409 duri
1061 1349 1099 1409 ad
1119 1344 1230 1423 officium

189 1436 269 1481 tuum
280 1424 384 1485 litteris.
423 1432 529 1485 Verum
544 1428 601 1485 haec
613 1427 670 1503 jam
681 1440 743 1485 ante
754 1438 820 1485 nota
830 1425 883 1483 effe
894 1426 1013 1501 possunt

214 1498 218 1505 ’
229 1499 377 1561 naturales
391 1502 490 1579 multi]
511 1504 755 1577 EtiamRarionaler
763 1501 1089 1581 inprovinciiacoustituti
1100 1500 1227 1561 officium

190 1573 237 1635 seu
249 1580 445 1657 apparitionem
459 1580 615 1649 habebant,
635 1594 668 1639 ut
686 1581 839 1640 ostenditex
859 1580 868 1638 l
903 1598 920 1637 e
934 1598 960 1653 7.
975 1580 1010 1639 de
1030 1577 1224 1645 cohortalibus,

777 1037 890 1117 quidem
908 1056 999 1097 nour
1071 1041 1149 1099 mbo.
1169 1042 1231 1097 Mo·
1319 1078 1328 1089 -

190 1656 219 1711 ἃ
231 1653 284 1733 leg.
299 1677 315 1713 2
329 1660 358 1717 δε
368 1678 396 1735 4.
410 1659 444 1716 de
456 1658 537 1717 bonis
549 1658 717 1725 vacantibus,
738 1660 769 1718 in
781 1659 852 1718 Cod.
868 1661 894 1715 T
968 1700 975 1714 .
992 1655 1162 1715 dostillimus
1169 1663 1228 1713 Va·
1334 1684 1339 1695 ·

191 1728 279 1789 lestus.
318 1736 356 1793 Hi
370 1749 463 1793 autem
477 1736 670 1796 damnatorum
682 1734 772 1801 bona,
791 1734 963 1796 &sententia
980 1734 1077 1810 judicis
1087 1732 1221 1809 proscrip-

190 1818 300 1898 torum,
319 1814 493 1891 occupabant.
505 1812 607 1891 inspice
625 1812 763 1902 Valefium
780 1812 814 1871 ad
825 1810 1083 1901 Am.·Marc·ell.lib.
1099 1811 1143 1867 28
1158 1810 1223 1895 lmo

190 1886 337 1945 Rarmnalrs
357 1905 432 1979 erant
455 1903 640 1979 procuratores
658 1890 836 1967 Principum,
855 1908 906 1968 qur
926 1890 1026 1947 reditus
1070 1882 1230 1943 rovructales

190 1960 368 2096 ῑὲἶὲίῖὲῐὲὂαά
378 1972 513 2047 Principes
526 1967 670 2047 speslantes
688 2009 697 2032 ,
718 1968 873 2047 exigebant.
906 1966 985 2026 Adde
1002 1966 1030 2023 D
1076 1959 1182 2021 esnium
1196 1960 1226 2019 iu

139 2122 144 2131 '
228 2114 420 2192 EtMagissri]
443 2100 616 2178 Vocabulum
628 2114 817 2193 Magisirilate
831 2128 928 2191 patet:
948 2134 1013 2174 nam
1027 2116 1065 2175 fic
1083 2114 1150 2173 diui
1165 2112 1227 2191 qui-
1261 2097 1268 2114 ⁸

188 2209 297 2269 cunque
309 2194 351 2251 vel
364 2192 490 2251 homines
503 2193 703 2251 moderantur,
723 2203 953 2267 componuntque
972 2192 1059 2247 vitam
1078 2209 1176 2250 eorum
1197 2193 1227 2250 bc

191 2286 298 2335 mores,
318 2270 361 2328 vel
374 2269 450 2329 rebus
461 2266 586 2348 praesunt.
619 2270 659 2323 lta
669 2267 778 2325 Tullius
791 2265 846 2343 ipse
854 2264 986 2324 Consules
991 2268 1134 2325 Romanos
1147 2282 1227 2326 vooat

190 2346 320 2423 magistros
328 2346 424 2425 prpuli.
464 2350 506 2407 lta
520 2342 651 2403 Censores
664 2343 781 2421 magistri
797 2362 900 2401 morum
914 2344 1028 2434 audiunt
1039 2344 1143 2422 pallim.
1183 2346 1226 2403 lta

188 2422 1227 2575 salaaalma,llllrllls‘rtllztazmaal
1330 2500 1336 2507 -

189 2586 238 2659 qui
250 2602 285 2641 ex
297 2585 458 2641 auctoritate
474 2581 598 2647 Praetoris
610 2591 740 2656 praeerant
751 2580 899 2642 dividendis
918 2579 1012 2643 bouis,
1032 2576 1131 2655 aliique
1143 2574 1228 2653 pluri-

191 2660 242 2717 mi.
282 2660 384 2723 Festus,
404 2664 529 2717 &exeo
540 2658 697 2716 Gronovius
708 2661 743 2717 ad
763 2659 824 2717 Lir.
837 2658 883 2717 lib.
899 2673 944 2729 24.
957 2674 982 2714 c.
999 2674 1042 2731 25.
1056 2653 1144 2733 magis
1161 2670 1228 2729 pro-

189 2732 248 2811 prie.
262 2735 348 2795 diolos
361 2732 495 2795 recensent
507 2732 639 2812 magistros
646 2747 788 2812 pagorum,
799 2737 957 2813 societatum
971 2773 980 2798 ,
999 2735 1134 2796 vicorum,
1153 2732 1225 2787 colla·

186 2814 309 2888 giorum,
327 2816 461 2891 equitum,
477 2811 601 2903 Morum
612 2827 738 2902 praterea
750 2818 779 2874 bt
791 2818 971 2902 conviviorrrm
986 2831 995 2876 3
1015 2808 1135 2886 denique
1144 2804 1229 2895 sosio-

190 2906 377 3025 {amsla
390 2888 1228 3041 lllll.⁰522llllltlfflasfflalll,l‘lnt
1308 2916 1311 2922 ’

212 3063 246 3103 ue
257 3042 375 3120 magistri
387 3042 520 3109 militum,
539 3043 573 3101 de
587 3040 684 3119 quibus
696 3040 758 3099 vide
767 3042 892 3101 eundem
903 3037 1096 3101 Gronovium‚
1119 3032 1183 3093 obs.
1197 3037 1227 3097 in

191 3064 280 3199 script.
296 3119 587 3198 Ecclesp.217.ltem
599 3116 724 3193 Magilbr'
735 3117 889 3195 fidorum,
910 3112 1053 3192 dequibus
1071 3112 1114 3171 adi
1129 3114 1227 3190 Corip-

192 3217 260 3275 pum
272 3198 445 3259 Africanum,
467 3197 505 3257 lib
522 3214 656 3273 3.v..172.
672 3194 765 3275 ibique
776 3207 869 3254 notata
879 3190 896 3252 a
906 3193 1009 3261 doctis,
1028 3191 1230 3269 praesertimque

193 3275 352 3335 Salmasrum
368 3275 402 3334 ad
413 3274 481 3355 Julii
493 3272 643 3350 Capitolini
675 3276 717 3331 M.
736 3273 912 3333 Antoninum
928 3267 1142 3345 Philosophum,
1166 3288 1223 3346 cap.

189 3353 223 3413 ,8.
239 3356 266 3410 &
279 3354 415 3411 Valefium
428 3352 461 3411 ad
475 3352 658 3419 Ammiauum
673 3347 794 3409 Marcell.
809 3350 856 3409 lib.
870 3353 916 3408 26.
936 3348 989 3407 Sed
1003 3350 1031 3407 δι
1049 3346 1166 3423 magistri
1177 3350 1231 3423 epi·

188 3426 335 3505 stolarum,
354 3434 493 3497 memoria,
514 3429 680 3492 libellorum,
699 3424 907 3507 dispossrr'mum,
928 3427 1015 3503 crusna
1027 3464 1038 3490 =,
1057 3423 1132 3499 vestu
1143 3424 1229 3491 linea,

196 3504 272 3579 vellis
283 3509 410 3579 privare,
432 3500 624 3567 &altiferum
643 3502 758 3565 aliarum
771 3530 781 3575 3
806 3504 951 3583 dequibus
970 3502 1016 3563 ius
1028 3501 1068 3560 ice
1089 3500 1229 3559 Notitiam

195 3580 334 3659 utriusque
348 3584 474 3659 Imperii,
494 3588 522 3643 u
535 3595 613 3641 notar
623 3585 757 3645 Virorum
767 3579 995 3645 raraeeruditiouia
1001 3521 1075 3638 sna
1083 3578 1230 3637 illustrium

195 3658 228 3715 ad
243 3659 392 3716 Historiam
408 3662 565 3737 Augustam.
632 3676 634 3683 ’

234 3735 441 3811 civilesallut]
464 3742 550 3796 Allia
572 3757 623 3817 pro
643 3736 784 3797 ailiambua
803 3736 850 3797 illa
868 3748 946 3796 aetate
962 3736 1098 3796 crebrum.
1137 3736 1173 3793 Et
1194 3732 1231 3791 fic

194 3812 278 3871 etiam
299 3813 451 3883 [abientius
470 3815 503 3872 de
523 3815 563 3873 iri
583 3816 637 3873 Dei
655 3855 665 3883 ,
684 3835 708 3874 c.
726 3836 782 3882 η,
800 3817 914 3895 speum
930 3816 1005 3877 alius
1021 3794 1150 3894 nostran
1164 3818 1231 3869 Deo.

189 3889 258 3969 cap.
276 3908 324 3967 17,
336 3884 497 3968 fingulorram
509 3894 580 3953 aetus
591 3894 791 3955 animadvertit·
1070 3960 1075 3968 ,
1175 3896 1233 3965 ΖΡ
