2942 4634
238 273 304 345 ¹4⁴
487 243 992 359 Grsnlcurrrtr

236 375 363 436 nsaiano.
402 375 527 432 Praeterea
541 373 619 432 illurn
629 371 694 432 facit
706 373 841 434 muenia
854 376 1000 454 regulum,
1017 392 1084 433 cum
1097 383 1189 436 tamen
1201 377 1256 438 mi.

237 452 270 510 hi
281 454 364 508 etiam
377 452 436 508 Rex
444 450 582 509 Persarum
594 451 715 508 videatur
728 451 780 508 esse
794 492 803 518 ,
829 451 872 510 sed
885 452 1016 516 confundi
1029 471 1095 511 cum
1109 458 1257 518 Vararane,

237 529 287 607 qui
295 527 376 586 Probi
388 539 510 660 musore
521 528 670 604 regnabat,
691 527 785 586 fivera
797 542 893 586 monet
906 531 1041 610 Agathias.
1064 531 1139 588 Nam
1150 531 1171 588 sr
1184 533 1257 591 Nar-

236 610 295 664 seus
305 605 375 664 dona
384 616 424 660 att
454 605 519 662 irad
538 606 608 681 Imp.
624 608 709 665 Rom.
730 609 759 664 δε
772 607 809 664 ita
820 605 901 686 legati
918 627 1018 666 munus
1036 605 1122 672 obiit,
1142 627 1200 666 nou
1217 611 1257 669 est

237 681 381 742 verisimile
392 683 514 739 Probum
524 684 557 740 ad
568 681 656 759 ipsum
667 681 824 760 praesentem
866 684 971 745 istolam
978 687 1104 744 datumm
1110 708 1120 750 3
1139 687 1258 762 necpos·

237 759 277 820 set
288 759 341 816 dici
351 757 466 834 accepiffe
477 761 605 824 litterar,
630 779 680 818 nec
691 764 799 818 emitur
819 702 885 840 eseli,
910 765 938 820 δι
956 767 1045 837 pacem
1058 758 1143 837 ferrffi
1158 786 1167 830 3
1213 783 1257 822 uae

238 837 331 894 omnia
349 837 419 913 Regi
439 837 577 895 Persarum
589 837 631 894 vel
644 835 806 894 Parthorum
819 841 991 898 conveniunt.
1032 839 1112 894 Forte
1122 836 1187 900 Casa
1257 839 1261 849 “

237 933 288 970 nus
299 927 359 973 ante
371 913 464 972 oculos
474 912 582 978 babuit,
601 933 667 972 cum
679 913 736 971 baec
750 912 887 976 scriberet,
908 915 1062 979 Narseum,
1081 931 1164 991 quem
1172 918 1258 992 Sapor

130 1055 132 1058 ,
237 990 355 1052 Narsetis
373 991 455 1047 nostri
473 1010 558 1068 nepos
577 991 653 1050 mist
669 991 704 1048 ad
718 991 908 1067 Constantium
920 1011 992 1068 anno
1006 1010 1073 1068 357.ι
1088 991 1129 1048 uti
1140 991 1259 1070 legimus

236 1069 308 1145 apud
321 1071 417 1126 Amm.
429 1068 549 1126 Marcell.
567 1087 607 1141 ¹7·
614 1086 639 1143 5.
658 1071 707 1146 qui
717 1081 809 1126 tamen
822 1065 883 1128 non
890 1071 973 1134 dicit,
993 1087 1058 1126 eum
1065 1069 1201 1128 Armeniae
1214 1091 1258 1130 re-

175 1191 180 1200 ,
236 1146 336 1226 gulum
348 1145 433 1203 fixisse.
472 1148 618 1223 Eutropius
630 1159 755 1223 praeterea
761 1145 896 1204 Narseum
909 1147 952 1204 vel
964 1145 1109 1210 Narseten‚
1131 1145 1172 1204 vel
1185 1148 1257 1206 Nar-

236 1225 283 1284 seo
295 1223 417 1282 nostrum
430 1264 440 1290 ,
465 1222 529 1282 sarit
542 1242 629 1281 avum
643 1223 767 1299 ormisda
781 1221 928 1300 &Saporis
939 1247 948 1292 3
970 1223 1045 1302 quod
1057 1223 1258 1292 etiamexami-

236 1302 359 1362 nandum
370 1301 415 1359 est.
454 1300 583 1380 Agathias
601 1312 689 1357 narrat
706 1300 765 1376 post
785 1301 918 1358 Narseum
933 1299 1049 1376 regnasse
1067 1297 1157 1356 filium
1176 1301 1258 1378 ipfiua

236 1377 440 1442 Hormisdatem
461 1380 527 1456 (qui
544 1379 587 1434 uui
607 1377 680 1434 sorte
691 1396 795 1436 nomen
814 1377 917 1456 gessit)
940 1397 986 1454 per
999 1375 1117 1434 totidem
1129 1395 1212 1434 annos
1226 1383 1257 1438 &

236 1453 340 1516 menses
354 1479 363 1524 3
384 1456 517 1534 illumque
528 1453 659 1531 excepisse
672 1457 817 1533 Saporem,
837 1453 926 1513 filium
938 1455 1125 1534 posthumum,
1141 1456 1190 1540 qui
1201 1457 1257 1514 im·

235 1533 341 1610 perarit
357 1551 405 1608 prr
423 1553 505 1590 annos
519 1552 586 1590 ixx.
602 1535 631 1590 δι
643 1532 702 1608 post
714 1546 835 1591 mortem
848 1533 928 1609 ipsus
942 1533 1087 1608 imperium
1099 1534 1131 1590 ad
1145 1537 1258 1592 tratrem

236 1609 317 1686 ipfius
328 1611 506 1667 Artaxerxem
520 1609 727 1668 essedelatum:
767 1629 807 1668 uae
826 1623 896 1667 certe
908 1629 961 1687 ego
973 1611 1019 1666 vix
1032 1627 1124 1685 capere
1138 1608 1256 1686 possum.

236 1687 313 1750 Nam
324 1686 345 1742 si
356 1704 472 1742 uxorem
482 1687 621 1764 gravidam
630 1685 751 1744 Hormis
776 1701 816 1746 tes
823 1685 947 1765 reliquit,
967 1684 1041 1765 isque
1054 1703 1163 1763 regnare
1174 1687 1255 1746 debe·

237 1762 284 1824 bat
295 1782 378 1840 quem
387 1763 478 1842 regim
488 1763 551 1822 esset
562 1764 695 1837 paritura,
716 1764 757 1820 uti
771 1765 900 1843 Agatltias
913 1765 1054 1824 memoriae
1067 1763 1166 1820 matida
1203 1764 1258 1822 cla-

237 1777 1258 1995 aarexterminante.aaslenanu

238 1993 452 2056 &successorem
465 1995 596 2059 daturam,
603 1993 702 2050 cidariu
710 2007 788 2051 utero
799 1993 1064 2071 ejurimposuenmt,
1085 1997 1113 2056 δι
1125 1994 1257 2054 infantem

239 2073 465 2130 necdumaratum
539 2089 586 2128 em
597 2084 739 2137 crearunt,
764 2072 813 2148 qui
827 2071 880 2130 suit
900 2077 983 2150 Sapor
995 2086 1078 2148 nepos
1088 2071 1172 2130 nostri
1186 2074 1259 2130 Nar-

224 2149 286 2208 sei.
327 2152 402 2207 Errat
414 2163 486 2208 certe
499 2151 524 2208 C
544 2166 644 2206 evraeus
658 2148 739 2222 lib.4.
753 2169 778 2210 c.
787 2168 816 2232 37
825 2167 890 2208 cum
903 2150 1012 2226 Sapori,
1031 2147 1259 2226 quiValerianum

239 2228 307 2286 vicit
320 2231 348 2286 δι
359 2227 476 2306 indignis
488 2227 554 2286 adeo
565 2225 660 2282 habuit
671 2227 761 2286 modis
774 2267 783 2294 ‚
804 2239 861 2284 tarn
875 2225 942 2284 felix
956 2245 1038 2284 omen
1052 2225 1149 2284 suturae
1161 2241 1259 2304 poten-

239 2305 286 2361 tiae
298 2305 425 2362 nondum
443 2319 507 2363 nato
519 2302 638 2362 acciduse
650 2301 748 2362 scribit.
788 2304 862 2360 Nam
874 2304 941 2362 illud
955 2321 1123 2379 nequaquam
1135 2302 1202 2364 huic
1213 2310 1260 2364 Sa·

241 2381 302 2456 pori
312 2380 396 2436 tribui
408 2383 495 2456 potest
508 2406 518 2449 5
538 2399 636 2438 verum
648 2381 821 2441 adulterum,
841 2380 971 2457 quivixit
994 2394 1118 2454 tempore
1135 2381 1261 2457 Juliaui,

240 2455 414 2514 referendum
426 2459 478 2519 est,
497 2459 538 2512 uti
551 2456 594 2513 vel
601 2457 747 2533 Agathiam
761 2455 908 2534 inspicienti
921 2452 1027 2534 patebit.
1055 2455 1181 2512 Narratio
1189 2457 1261 2526 hnc,

240 2544 274 2589 ut
285 2532 357 2592 dixi,
376 2531 486 2591 fratrem
499 2531 575 2606 plane
586 2533 721 2599 excludit,
742 2539 771 2594 de
783 2533 919 2593 conciliari
931 2533 988 2592 haec
1000 2549 1056 2588 non
1068 2532 1191 2608 possunt,
1206 2535 1260 2596 niti

240 2608 361 2665 dicamus
374 2609 554 2664 Artaxerxem
567 2607 719 2665 concubina
734 2611 903 2686 Hormis'dati
915 2613 1057 2690 genitum,
1076 2610 1260 2690 &plusquam

182 2719 187 2726 -
238 2683 314 2758 septu
411 2683 468 2741 'um
484 2699 569 2758 reguo
580 2681 724 2739 admotum
739 2687 799 2743 esse.
840 2690 890 2746 Sed
907 2691 1013 2748 mirum
1024 2685 1061 2748 est
1074 2727 1082 2754 ,
1102 2690 1195 2766 Sapori
1206 2689 1260 2748 ira-

237 2774 311 2818 trem
332 2759 484 2824 necessisse.
499 2777 564 2817 cum
576 2756 711 2832 duosfilios
722 2765 814 2837 Regis.
835 2765 862 2820 id
875 2764 913 2820 est
924 2767 1030 2842 Saporis
1043 2765 1132 2827 nostri
1148 2785 1259 2824 memo-

232 2852 281 2904 ,ret
299 2841 332 2896 A.
348 2835 467 2896 Marcell.
481 2859 523 2918 ²5·
540 2857 560 2894 r.
602 2835 687 2911 Qrod
700 2836 720 2893 fi
732 2856 866 2914 ponamus
878 2839 940 2898 illos
959 2843 1034 2900 diem
1052 2843 1132 2902 suum
1148 2843 1259 2910 obiisse,

238 2934 290 2975 nec
302 2921 430 2994 Saporem
441 2917 559 2994 posteros
571 2910 717 2992 reliquisse,
738 2915 775 2973 ita
788 2919 955 2976 Artaxerxes
967 2919 1048 2978 frater
1058 2920 1128 2993 ejus.
1147 2921 1210 2982 licet
1222 2939 1260 2982 ex

239 2995 390 3054 concubina
401 2997 524 3072 genitus,
543 2991 681 3051 succedere
692 2995 784 3069 potuit
798 3018 806 3062 5
827 2996 892 3074 qnia
905 2995 954 3054 tilii
965 3015 1001 3054 ex
1017 2995 1169 3053 concubinis
1215 2999 1260 3056 ni·

240 3074 264 3130 ti
276 3093 291 3130 a
302 3091 387 3150 regno
398 3087 472 3130 erant
484 3072 603 3134 remoti,
624 3072 756 3147 quamdiu
766 3074 828 3150 justi
837 3075 988 3152 &legitimi
1000 3071 1075 3130 liberi
1086 3070 1178 3146 supere
1200 3087 1259 3142 ent,

241 3151 283 3207 uti
296 3151 478 3208 exHerodoto
490 3149 595 3208 notavit
608 3147 762 3207 brissonius.
782 3150 868 3209 Clanis
879 3163 950 3208 certe
964 3149 1050 3206 verbis
1061 3147 1169 3204 testatur
1184 3151 1259 3230 Aga.

240 3227 310 3286 tbiar
321 3228 380 3305 post
392 3233 519 3305 Saporem
530 3245 576 3304 per
587 3240 704 3304 quatuor
716 3247 800 3288 anuos
810 3235 920 3286 tratrem
931 3223 1009 3302 ipsius
1022 3227 1201 3284 Artaxerxem
1216 3248 1260 3288 re-

210 3357 219 3370 ,
280 3304 346 3371 asse,
366 3309 395 3365 &
407 3305 480 3364 bunc
493 3318 638 3381 exceptum
650 3301 728 3364 fuisse
741 3325 756 3362 a
768 3305 826 3362 silio
838 3303 931 3360 itidem
945 3307 1041 3379 Sapore
1055 3301 1139 3360 dieo.
1168 3307 1261 3384 Atque

240 3324 402 3443 binoctium
415 3397 504 3462 patere
515 3384 642 3442 arbitror.
662 3383 848 3462 tamisiam.
868 3379 916 3457 qui
929 3379 962 3438 ad
975 3379 1185 3439 Constantinum
1198 3387 1260 3442 Ma·

241 3480 331 3540 gnum
343 3461 427 3550 fugit.
441 3481 497 3520 non
509 3459 624 3538 potirisse
633 3458 685 3516 esse
697 3462 801 3536 Saporis
812 3457 930 3534 longavi
940 3457 1053 3516 fratrem
1060 3482 1069 3526 5
1091 3459 1118 3516 id
1130 3461 1206 3536 quod
1219 3475 1260 3520 ta-

242 3558 309 3597 men
320 3539 440 3617 plerique
450 3539 547 3598 eruditi
560 3577 569 3603 ‚
589 3542 617 3597 &
630 3540 712 3596 Henr.
725 3553 835 3613 quoque
852 3535 971 3594 Valefius
987 3536 1021 3594 ad
1042 3539 1138 3594 Arrun.
1157 3542 1198 3598 16.
1216 3541 1258 3600 18.

242 3619 325 3678 tradit
338 3643 346 3685 3
366 3620 415 3694 qui
427 3634 493 3675 eum
505 3614 629 3690 negatam
642 3615 707 3673 dicit
719 3612 796 3672 luisse
812 3655 820 3678 ‚
839 3627 869 3672 ut
881 3613 1009 3672 Zosimus
1028 3617 1057 3673 Sc
1077 3615 1169 3674 Suidar
1181 3620 1259 3693 Regis

231 3696 342 3771 filium,
361 3693 404 3750 sed
418 3711 501 3750 nemo
515 3712 580 3750 eum
593 3691 780 3757 Hormisdate,
801 3691 896 3752 Narr'ei
908 3691 966 3750 silio
981 3733 990 3760 ,
1008 3695 1184 3773 progenitum
1196 3694 1261 3754 scri·

242 3774 291 3832 bit.
330 3773 435 3830 Scilicet
447 3769 542 3827 Narsbs
552 3771 669 3847 quatuor
681 3768 752 3828 filine
764 3768 871 3838 habuit.
892 3773 1064 3848 Adanarsrrr,
1082 3775 1260 3860 Hormisdou.

238 3845 455 3931 anonymum&
472 3849 683 3926 mersdatem:
703 3849 848 3920 Adauarser
858 3846 895 3908 ob
907 3849 1090 3920 crudelitatem
1111 3851 1262 3994 &iffi

1246 3964 1259 3994 ὃ
