2942 4634
271 282 335 377 158
527 279 1032 365 Gerracunn'rir

265 413 329 472 &in
342 381 503 484 ejus'rnedio
514 426 591 487 rupes
603 408 646 466 vel
659 427 755 474 mone,
765 429 831 470 cunr
843 413 901 471 Ins:
917 421 978 474 teht
987 423 1061 476 τΗΣ
1075 393 1294 485 Artemidori

193 562 196 567 ¹
263 497 438 581 nemu}
448 521 458 586 p
470 499 542 573 Quae
555 496 626 554 haud
639 509 740 554 vanum
753 495 946 560 iudiciumne,
959 515 1055 576 rupem
1063 497 1138 588 illam
1147 499 1189 559 vel
1202 519 1287 563 mon-

264 571 1076 729 mmemaahahhmaaae
1092 579 1287 716 rarae:
1349 709 1355 736 ,

265 737 362 802 eaput,
375 742 440 782 curn
458 730 509 787 ina
531 736 632 790 eom.
650 733 809 788 deletam:
830 727 1287 810 quodHarduinuspofitumputat

263 820 315 882 pro
331 807 429 872 heinr,
449 809 583 890 refertque
595 809 738 878 adDium,
750 811 846 870 urbem
853 809 1047 892 Dempolitanae
1054 811 1170 889 regionis
1182 811 1210 870 in
1225 817 1285 892 Spe

263 891 319 956 ria,
330 889 406 963 cujus
418 889 518 949 Plinius
530 896 558 951 dt
572 893 663 969 Steph.
677 895 861 952 meminerunt
877 915 883 950 ι
906 893 1042 952 Tristanus
1054 907 1121 950 vero
1133 893 1161 950 dt
1174 893 1286 952 liolste·

262 969 325 1024 nius
337 967 372 1024 ad
383 967 466 1026 Diam
482 969 586 1028 Arabiae
605 969 702 1030 urbem
715 997 725 1041 5
806 970 980 1052 resentarique
998 979 1100 1048 putant.
1122 973 1257 1028 Venerem
1271 1011 1284 1040 ,

263 1059 349 1124 quarn
359 1063 390 1102 ee
402 1043 491 1103 forma
502 1045 603 1104 cultam
618 1047 695 1106 hrille
712 1067 746 1106 ex
765 1050 790 1106 C
800 1061 907 1106 emente
928 1047 1111 1106 Alexandrino
1125 1085 1135 1111 ,
1155 1049 1284 1106 Maximo

264 1123 367 1198 Tyrio,
383 1123 515 1188 Arnobio,
527 1125 620 1184 Dione
632 1122 840 1203 Chrysostomo,
857 1129 885 1186 &
898 1125 1021 1184 Pausania
1032 1124 1139 1182 docent.
1166 1125 1216 1181 Sed
1228 1129 1286 1184 Ve-

205 1223 208 1232 ·
261 1216 357 1256 nerem
368 1216 426 1256 non
439 1199 584 1258 nominant
596 1201 736 1269 Clemens,
750 1205 888 1262 Maximus
894 1204 1008 1280 Tyrius.
1023 1199 1168 1260 Amobius,
1180 1200 1278 1272 Βίους

253 1281 294 1354 ,δι
301 1281 434 1340 celebrant
447 1294 555 1340 tanturn
568 1283 656 1346 λίθοι,
677 1288 749 1346 aiter
763 1281 918 1358 veroiymu
929 1316 939 1346 ‚
952 1283 994 1344 vel
1005 1280 1141 1359 hrfirmem
1153 1281 1263 1358 lapidem
1269 1306 1283 1350 ,-

262 1371 463 1436 potuer-umque
474 1357 603 1436 respicere
613 1362 646 1420 ad
657 1362 773 1439 lapidem
785 1363 945 1440 quadratum
964 1361 997 1420 ab
1017 1359 1147 1418 hrabibur
1157 1357 1284 1428 cultum.

263 1433 298 1490 de
310 1455 367 1513 quo
380 1447 440 1492 ante
452 1439 568 1495 memini
580 1459 627 1498 me
641 1457 726 1520 agere.
766 1439 842 1497 Vidit
854 1439 881 1498 id
895 1442 967 1496 forte
978 1439 1060 1494 etiarn
1072 1433 1224 1504 Trillanus3
1237 1449 1284 1495 ut·

260 1527 316 1598 que
326 1513 462 1572 evinceret
475 1513 591 1592 lapidem
603 1517 676 1575 hunc
692 1516 743 1574 effe
757 1527 873 1576 Venerem
887 1517 1025 1578 maniam,
1034 1513 1106 1572 addit
1125 1511 1283 1573 Pausaniam
1299 1555 1303 1560 -

259 1581 310 1646 hb.
331 1609 354 1646 r.
369 1609 472 1648 narrare
493 1632 503 1654 ‚
522 1594 636 1650 Athenis
655 1595 790 1670 ternplum
809 1591 860 1650 esse
876 1591 974 1650 Veneri
993 1589 1098 1648 Vraniae
1112 1590 1286 1658 dedicatum,

144 1717 154 1724 .
261 1681 345 1742 quam
359 1667 478 1724 ferebant
490 1669 629 1727 Parcarum
650 1671 854 1728 vetustiffirnanr
875 1689 882 1725 :
901 1675 976 1726 Dans
990 1665 1072 1743 lequel
1083 1665 1105 1722 il
1111 1683 1130 1736 y
1143 1667 1219 1722 avoir
1231 1687 1285 1726 une

257 1745 344 1819 pierre
357 1741 429 1819 faire
447 1742 577 1819 triforme
595 1745 627 1802 de
647 1755 744 1804 Hermo
763 1769 794 1806 ou
813 1747 914 1808 borne.
940 1745 1000 1802 dant
1018 1743 1187 1820 l’lnscriprian
1206 1762 1284 1803 mar-

260 1822 331 1894 quoia
345 1859 353 1884 ,
367 1839 415 1898 que
425 1817 516 1894 cestrie
527 1820 627 1896 l’effigie
638 1824 670 1878 de
686 1831 770 1881 Venus
785 1824 897 1882 Vrania(
926 1821 1018 1879 Graeca
1036 1819 1071 1876 ita
1091 1815 1143 1877 sese
1156 1817 1279 1880 habent:

263 1898 393 1974 Ot'wldt
426 1895 541 1972 eipahpea
576 1899 737 1974 πτργαυιν
768 1925 839 1958 aare
869 1901 951 1957 marri
989 1899 1032 1970 Ul
1059 1901 1111 1958 uir
1149 1899 1254 1970 E‘ppuie
1270 1909 1281 1959 ἶ

260 1979 399 2056 quibusin
411 1979 496 2036 verbis
508 1999 524 2036 e
573 1978 679 2038 nullum
692 1981 808 2058 lapidem
822 1983 1007 2040 acuminatum
1021 1978 1148 2045 inveni03
1168 1977 1212 2037 sed
1224 1984 1279 2039 Ve-

261 2056 332 2112 neris
344 2055 456 2118 statuam
467 2074 519 2133 qua
538 2067 623 2114 ratam
636 2057 760 2116 adinstar
771 2061 938 2116 Hermaeum
953 2083 963 2126 ς
992 2057 1020 2116 id
1038 2056 1095 2120 est,
1122 2073 1181 2113 mm
1202 2067 1280 2132 caput

260 2129 398 2203 habuisse,
417 2138 445 2194 δι
459 2131 596 2210 reliquum
609 2149 704 2210 eorpus
712 2133 792 2193 fuisse
805 2135 967 2214 quadratum
985 2131 1083 2211 absque
1102 2131 1213 2191 brachiis
1224 2137 1278 2192 dec.

260 2212 406 2289 quomodo
417 2215 526 2270 Hermae
537 2207 596 2267 fieri
607 2208 732 2270 solebant.
755 2215 818 2269 Huc
830 2212 947 2268 omnino
955 2209 1069 2288 pertinet
1076 2213 1165 2268 Venus
1171 2209 1277 2286 Paphia,

261 2285 339 2360 cujus
352 2287 534 2352 simulacrum,
545 2285 611 2344 teste
622 2284 720 2347 Tacito
732 2290 763 2346 in
775 2287 913 2351 Historiis,
932 2307 980 2346 non
993 2285 1072 2362 effigie
1082 2285 1214 2352 humanae
1227 2287 1280 2364 sed

261 2366 393 2421 continuus
405 2367 469 2422 orbis
479 2365 568 2421 latiare
575 2367 662 2430 initio,
681 2382 784 2425 tenuem
794 2367 822 2422 in
833 2366 962 2423 ambitum
973 2379 1046 2420 mere
1057 2365 1130 2420 modo
1141 2377 1278 2438 exurgens.

262 2435 300 2508 ό·
311 2444 379 2497 ratio
388 2444 416 2498 in
427 2441 526 2520 obscuro
542 2463 551 2496 r
572 2440 699 2520 eujulque
717 2443 830 2500 llntuam
848 2439 915 2500 nulli
927 2439 971 2497 alii
982 2441 1021 2496 rei
1033 2437 1168 2496 affimilari
1181 2437 1255 2514 poll'e
1267 2479 1278 2503 .

262 2533 347 2592 quam
372 2516 500 2594 numid
516 2523 597 2600 arnapi
611 2519 708 2578 <scribit
725 2522 800 2578 Max.
821 2518 921 2596 Tyrius
940 2513 1007 2576 Diis.
1030 2517 1072 2590 38.
1091 2514 1176 2592 qualis
1190 2517 1219 2573 de
1232 2514 1281 2574 illa

261 2602 381 2658 cernitur
393 2600 422 2657 in
434 2617 554 2657 nummo
567 2601 649 2660 Drufi
659 2601 729 2677 apud
741 2602 888 2668 Patinum,
908 2597 1016 2674 Traiani
1035 2597 1104 2674 apud
1118 2595 1278 2658 'stilianum

262 2676 356 2734 &aliis
367 2677 436 2754 apud
441 2679 496 2756 Jac.
502 2677 669 2736 Gutherium
677 2696 702 2751 3·
711 2695 738 2750 5.
747 2680 844 2754 dejure
849 2675 950 2736 Pontii.
959 2676 1008 2755 qui
1020 2673 1092 2734 male
1104 2673 1162 2734 haec
1173 2673 1278 2732 numis-

259 2765 336 2812 mata
346 2753 380 2811 ad
397 2752 513 2814 Dianam
528 2755 653 2832 Paphiam
665 2753 756 2810 refert.
797 2755 903 2813 Eodem
922 2753 985 2812 loeo
1005 2753 1046 2810 vir
1064 2753 1182 2811 eruditus
1196 2755 1279 2810 Lam·

259 2828 340 2908 pridii
352 2832 433 2908 paulo
445 2847 507 2892 ante
517 2830 838 2890 laudatarerbaemendat
849 2857 858 2900 ς
878 2853 912 2890 ex
922 2835 1018 2908 proprio
1028 2830 1119 2907 templo
1127 2834 1219 2888 Diam
1224 2837 1277 2911 Ly·

190 2978 195 2982 ι
261 2912 569 2979 ceezillamlardicmx
580 2911 659 2990 adyto
665 2909 728 2986 suo,
747 2911 775 2968 in
787 2909 957 2988 quudonsles
969 2909 1102 2986 posuerat,
1120 2905 1276 2984 auferrent-

258 2985 311 3044 luit
326 3007 332 3044 :
352 2989 381 3047 &
392 2987 518 3066 intelligit
532 2985 663 3066 lapidem,
683 2987 753 3066 qui,
778 2987 843 3046 teste
855 2985 996 3052 Pausania,
1008 2997 1068 3042 ante
1081 2983 1164 3041 aedem
1179 2983 1276 3040 Dianae

261 3061 365 3140 Lycaeae
375 3065 587 3142 jacebat&iacer
600 3063 759 3134 vocabanm
779 3065 906 3143 additque
913 3059 1181 3122 LaodicensesDianae
1189 3055 1276 3116 fimu-

260 3137 363 3199 lacrum
382 3146 517 3202 Braurone
535 3144 661 3202 aredium
679 3139 858 3219 impetralsea
876 3141 1006 3226 Seleuco}
1025 3133 1275 3268 illudquelignum

261 3217 318 3277 deae
330 3219 395 3283 elle.
436 3219 490 3280 uod
502 3221 572 3278 olim
586 3216 602 3278 ὲ
615 3218 841 3278 TauricaOrelles
854 3213 899 3276 &l
917 3215 944 3272 h’
965 3231 1022 3277 ema
1034 3211 1105 3272 sustu
1115 3224 1197 3269 erant.
1218 3213 1274 3271 Sed

260 3297 355 3374 primo
366 3241 436 3357 niul
448 3297 509 3356 sunt
520 3300 580 3356 diui
591 3336 599 3358 ,
620 3295 664 3354 vel
676 3300 736 3354 vivi
746 3295 843 3372 lapides
858 3319 868 3362 ⁵
887 3233 964 3380 aliud
971 3289 1034 3368 lapis
1045 3291 1175 3348 Traezene
1187 3290 1276 3365 jacent

261 3387 326 3432 ante
339 3375 474 3452 templum
487 3373 580 3434 Dianae
591 3374 706 3444 Licaeae3
727 3371 767 3431 illi
786 3372 864 3430 suurn
880 3369 927 3426 srbr
946 3365 1082 3444 templum
1100 3363 1250 3426 habuerunt
1265 3388 1275 3434 a

262 3448 309 3509 hie
323 3472 432 3511 verone
446 3454 474 3511 in
486 3448 590 3528 templo
602 3452 728 3528 quidem.
749 3449 791 3508 sed
803 3459 864 3506 ante
872 3447 957 3506 aedem
972 3443 1079 3504 alterius
1096 3443 1216 3502 numinis
1227 3461 1277 3522 po-

262 3527 328 3586 fitus
339 3529 404 3588 fuit:
424 3529 519 3590 deinde
525 3527 660 3590 Pausanias
671 3547 728 3586 non
741 3527 818 3586 docet
832 3525 944 3584 statuam
953 3523 1061 3588 Dianae,
1080 3541 1141 3600 quae
1153 3539 1186 3579 ex
1194 3523 1277 3579 Brau-

181 3671 184 3677 .
261 3606 370 3664 ronein
387 3607 502 3668 Persram
520 3605 669 3682 asportata,
688 3607 717 3664 &
734 3623 750 3660 a
768 3601 878 3662 Seleuco
898 3599 1101 3663 laodieenfibus
1118 3599 1200 3678 Syriae
1217 3586 1291 3655 data*
1393 3663 1394 3666 Ἴ

203 3747 211 3759 ,
244 3730 247 3742 .
263 3681 332 3744 fuit,
351 3685 403 3743 elle
415 3687 533 3744 Dianam
546 3687 709 3750 Tauricam
728 3682 795 3760 quin
806 3683 866 3739 imo
881 3681 958 3740 variis
969 3678 1136 3758 argumentis
1149 3673 1192 3734 lib.
1210 3691 1232 3750 3.
1248 3673 1276 3732 id

263 3760 362 3819 refellit
376 3787 385 3830 ς
412 3766 544 3840 docetque
561 3763 655 3820 Diauae
673 3759 777 3820 Orthiae
789 3757 961 3818 hmnlacrum
975 3795 984 3820 .
997 3752 1073 3837 quud
1087 3757 1115 3812 in
1128 3753 1277 3830 Lymnaeo‚

261 3837 401 3900 laconiae
418 3857 500 3918 agro,
518 3837 676 3904 colebatur,
701 3838 791 3920 potius
812 3835 878 3894 illud
899 3835 971 3902 else,
991 3833 1068 3915 quod
1087 3829 1120 3890 ab
1140 3827 1232 3886 Oreste
1246 3831 1276 3886 dt

152 3918 157 3928 “
260 3914 399 4000 iphigenia
415 3915 529 3976 barbarie
547 3927 602 3976 erat
621 3915 749 3976 ablatum.
788 3913 888 3994 Neque
903 3914 986 3974 etiarn
1006 3909 1077 3972 mihi
1095 3909 1183 3986 placet
1202 3901 1281 4041 qqqplt
