2942 4634
226 273 290 358 rgp
488 269 985 340 Grancurnru

100 422 103 426 ·
220 385 364 455 insenius
380 391 416 463 ul
432 391 577 468 ὑσμίνας,
595 393 660 454 alios
673 391 770 472 inpidet
779 395 888 471 paulum
901 397 958 474 ase
971 395 1082 453 invicem
1100 393 1193 470 divisos
1211 393 1248 462 ab

221 485 328 548 utroque
340 478 389 529 vie
403 475 482 534 latere
496 475 638 552 constituit,
658 491 690 531 ut
704 479 750 558 qui
764 493 836 553 equos
849 473 972 534 haberent
981 473 1063 554 facile
1075 495 1113 534 eos
1125 477 1244 552 ess'cende·

193 551 199 559 '
219 567 248 613 re
258 548 351 626 peffent
368 551 462 628 absque
480 565 554 629 opera
562 551 727 629 stratumne,
752 551 818 609 telle
838 553 907 610 Plut.
928 554 956 610 in
969 557 1025 625 ejus
1038 553 1114 610 vita:
1141 555 1169 611 &
1182 553 1247 630 quia
1265 593 1269 606 .

220 633 287 687 tunc
304 631 431 702 temporis
451 629 524 687 scalae
542 649 599 687 non
613 630 715 687 luerint
728 630 757 685 in
770 627 842 694 usu,
868 641 938 693 certe
951 629 1023 686 nulla
1040 627 1115 686 caula
1135 630 1172 686 est
1197 647 1247 686 cur

220 702 322 777 Lipsius
334 705 467 770 fluuio,
493 709 521 778 ὃς
535 706 568 763 ad
581 707 790 763 instrumentum
809 703 916 763 scansrle
934 706 1013 764 verba
1032 704 1077 762 illa
1089 705 1158 763 trahi
1170 705 1246 781 poll'e

219 780 361 840 existimet.
404 782 481 840 Idem
501 797 593 851 autem
611 785 685 861 quod
698 783 834 840 Gracchus
854 781 938 843 fecit,
957 784 1004 839 diu
1018 797 1081 840 aute
1092 784 1173 840 etiam
1185 799 1246 838 me.-

215 867 309 912 morat
321 857 418 925 alicubi
430 861 588 937 Xenophon
601 900 610 929 ,
637 857 749 937 [napossto
759 861 822 936 pede
827 859 907 936 super
920 861 1093 994 dorsfflus
1106 883 1114 916 .·
1134 859 1247 916 variant

218 933 341 990 austures
359 935 430 993 illius
444 941 472 996 δι
485 937 664 1015 posteriorum
682 951 740 993 tem
778 953 842 993 rum
856 941 884 992 iu
895 935 979 994 deseri
1081 935 1246 996 calamitate·

239 1028 279 1065 uae
292 1011 463 1072 Valerianum
478 1015 599 1072 exercuit
614 1053 622 1076 ‚
648 1014 690 1070 uti
701 951 791 1072 ville
804 1013 866 1070 licet
884 1015 953 1088 apud
967 1013 1107 1071 Barthium
1119 1011 1151 1070 ad
1164 1012 1248 1069 Clau-

217 1027 344 1156 bunum,
366 1093 394 1148 &
405 1091 438 1148 ad
451 1091 582 1156 Statium,
603 1089 649 1148 lib.
658 1113 682 1149 2.
697 1091 786 1167 Tbeb.
800 1109 826 1146 v·
836 1107 898 1168 7¹3·
926 1089 970 1147 sed
985 1089 1032 1166 ipfi
1045 1093 1174 1166 Saporem
1189 1107 1248 1146 cer-

218 1163 308 1229 sicem
320 1165 441 1232 calcasse,
460 1167 677 1244 praeterVi&oris
689 1169 844 1244 Epitomen,
895 1163 1007 1224 lironem
1022 1169 1048 1223 S.
1057 1166 1156 1230 Savini,
1174 1165 1249 1228 testis

219 1243 298 1301 omni
316 1245 473 1319 exceptione
490 1245 578 1319 major
591 1245 629 1303 est
643 1245 796 1311 Lastantius
817 1261 854 1300 no
876 1261 913 1300 er.
952 1246 1001 1300 Vir
1012 1243 1131 1301 eruditus
1142 1257 1200 1300 tam
1212 1259 1249 1300 ex

146 1345 149 1357 ·
219 1319 312 1374 Veteri
325 1323 500 1378 Testamento
513 1361 521 1383 ‚
546 1341 631 1401 quam
642 1320 762 1398 profanis
774 1321 937 1385 sudoribus,
945 1319 1056 1378 illustrat
1070 1337 1178 1380 morem
1195 1319 1249 1378 cal-
1280 1357 1285 1364 -

220 1395 298 1462 candi
316 1397 486 1456 devislorum
503 1401 638 1467 cervices3
664 1411 745 1477 atque
762 1417 797 1456 ex
817 1398 939 1474 Corippo
957 1399 1045 1476 lmpp.
1058 1400 1199 1460 Romanos
1211 1397 1250 1466 ita

222 1471 310 1564 pitius
321 1472 398 1543 luisse
411 1475 499 1534 docet.
578 1510 581 1515 >
988 1477 1008 1497 ''

355 1554 443 1628 Ipsum
453 1570 543 1610 autem
555 1556 582 1610 in
596 1554 683 1614 media
695 1553 819 1610 viliorem
828 1553 950 1630 pinxerat
964 1551 1031 1610 aula

356 1628 446 1706 ,ΨΜ
458 1633 593 1698 Vandalici
606 1631 747 1686 calcantem
759 1631 820 1686 coda
836 1633 951 1710 tyranni.

222 1702 289 1776 inde
302 1721 415 1763 conatur
426 1707 547 1762 evincere
559 1706 617 1764 haec
629 1705 726 1772 verba,
749 1713 823 1762 Nam
835 1709 964 1785 quamdiu
975 1707 1051 1768 vixit
1063 1712 1120 1764 Rex
1134 1705 1250 1786 ejusdem

221 1783 367 1873 provincis,
388 1786 576 1848 incurvatam,
593 1785 683 1858 pedem
695 1785 835 1844 cervicibus
849 1789 974 1859 imponens
980 1783 1076 1860 solitus
1089 1798 1249 1859 eranquum

225 1860 398 1936 profundere,
413 1858 495 1916 assuta
506 1856 637 1935 Eutropio
643 1860 751 1916 aliunde
761 1859 900 1948 else‚quia
906 1861 934 1918 in
944 1860 1100 1917 melioribus
1111 1849 1250 1922 lodicibus

225 1953 283 2002 non
299 1936 492 2000 inveniuntur,
517 1949 597 2015 atque
614 1936 699 1992 etiam
712 1955 727 1992 a
739 1938 837 1994 Graeco
849 1949 993 2012 interprete
1006 1935 1102 1995 nmilia
1113 1936 1174 1994 sunt
1186 1958 1194 2002 ς
1217 1941 1248 1996 &

246 2012 367 2090 uliquarn
381 2011 512 2071 adtulisset
525 2014 607 2070 varias
618 2012 652 2070 de
661 2011 794 2070 Valeriani
805 2013 958 2074 calamitate
976 2015 1117 2072 sententias
1129 2053 1138 2080 ,
1163 2016 1248 2077 etium

224 2029 372 2157 Eusebium
384 2091 415 2149 ad
428 2103 513 2166 putes
524 2103 618 2152 vocat,
639 2101 719 2171 atque
730 2105 765 2147 ex
777 2088 835 2164 eius
847 2087 891 2148 lib.
902 2107 927 2166 7.
942 2111 965 2150 c.
975 2093 1002 2150 8.
1016 2089 1083 2150 Hist.
1092 2090 1188 2152 Eccles.
1202 2091 1248 2150 vel

262 2168 314 2225 tius
326 2186 359 2225 cx
372 2168 520 2246 Dionysio,
540 2187 624 2246 quem
636 2167 681 2224 ille
693 2167 823 2246 sequitur,
847 2169 926 2226 docet
936 2167 1108 2226 Valerianum
1114 2170 1151 2226 ita
1158 2170 1248 2227 inim÷

222 2181 302 2334 bgr-io
314 2244 494 2312 consenuisse,
515 2259 546 2303 ut
559 2245 613 2323 ipse
625 2243 817 2305 affectnsaetate
828 2245 965 2302 tradiderit
976 2245 1004 2302 id
1015 2246 1163 2324 regendum
1176 2243 1248 2312 filiis;

223 2319 351 2398 additque
363 2321 509 2382 Eusebium
521 2343 578 2381 rem
594 2325 723 2381 Romano
734 2321 848 2380 nomine
860 2323 1014 2402 indignam,
1028 2324 1174 2383 reverentia
1185 2321 1250 2380 suo-

224 2413 288 2469 rum
302 2400 457 2473 principum
471 2439 480 2464 ,
501 2402 544 2467 vel
557 2401 728 2479 negligentia,
756 2400 797 2456 vel
810 2398 859 2456 alia
872 2399 905 2454 de
916 2397 990 2468 causi
1003 2437 1011 2460 ‚
1025 2397 1145 2460 transm.
1159 2417 1250 2477 eoque

222 2489 322 2550 genere
332 2477 472 2531 neminem
486 2477 585 2534 nescire
597 2496 667 2548 eum
677 2477 769 2554 sepius
780 2495 844 2533 cum
857 2486 917 2532 toto
928 2493 1009 2554 grege
1022 2473 1071 2532 suo
1084 2475 1145 2534 labi.
1178 2478 1248 2534 Cer-

223 2556 253 2616 'pe
265 2547 418 2608 valerianus
430 2550 498 2604 duos
510 2551 579 2608 filios
590 2552 699 2619 habuit,
719 2552 873 2612 Gallienum
888 2551 1108 2617 &.Valerianum,
1127 2571 1192 2610 eum
1213 2573 1249 2611 ue

223 2625 394 2703 Augustum,
414 2624 625 2693 huncCaesarem
638 2629 713 2688 fecit,
736 2644 880 2709 antequam
893 2629 922 2688 in
934 2630 1037 2707 Saporis'
1047 2631 1122 2687 veuit
1133 2571 1248 2707 potella-

223 2715 298 2792 μω]
312 2699 354 2790 scd
367 2715 458 2789 tamen
471 2701 539 2778 apud
551 2703 689 2792 nerninem
702 2704 787 2762 alium
799 2709 939 2776 auctorem
950 2708 1053 2784 reperio
1061 2707 1249 2771 ,Valerianum

224 2777 763 2915 ‘n
775 2783 1247 2848 u

223 2874 296 3006 litor
308 2934 393 2994 fanus
406 2934 460 2996 est,
472 2937 501 2994 &
511 2953 578 2993 cum
591 2945 696 2994 aetatem
711 2933 926 3014 ferrctoptime‚
946 2937 1092 3017 multisque
1105 2939 1247 2996 virtutibus

224 3013 350 3107 praeditus
362 3012 458 3086 dianus
468 3011 532 3070 ess‘ct
543 3013 671 3088 imperio,
691 3032 748 3072 non
761 3027 833 3072 cette
844 3015 898 3074 dici
909 3017 995 3092 potest
1013 3027 1120 3092 propter
1138 3023 1245 3072 etatem

224 3075 611 3167 tmpesumlnsnauusu,
637 3091 795 3150 Gallienum
810 3093 872 3150 iicet
886 3091 1247 3224 initiounncipnussugu-

222 3165 310 3228 stum,
332 3171 360 3226 &
372 3167 485 3233 alterum
500 3165 618 3224 filiorum
626 3170 798 3232 Valerianum
805 3165 936 3226 Caesarem
948 3167 1046 3244 absens,
1073 3179 1132 3222 orte
1144 3165 1175 3223 ad
1187 3165 1247 3224 bel-

220 3242 282 3317 lum
295 3245 429 3304 Persicum
441 3244 590 3322 profusius.
609 3248 745 3305 creaverit.
785 3247 918 3320 Deceptus
930 3242 1108 3321 proculdubio
1122 3242 1246 3302 Barthius

218 3321 256 3389 est
268 3339 284 3379 a
297 3322 544 3399 Christophorsono
557 3320 662 3381 Eusebii
676 3325 833 3399 interprete;
854 3339 936 3398 quem
950 3322 1021 3379 reste
1039 3333 1116 3378 notat
1126 3319 1247 3380 Valesius

217 3397 299 3470 yprba
312 3399 415 3464 laudata
429 3399 587 3459 intellexisse
598 3398 632 3460 de
645 3400 786 3460 Valeriano
799 3438 808 3468 ‚
831 3415 895 3456 cum
907 3399 940 3458 ad
953 3395 1122 3457 Macrianum
1135 3437 1143 3460 ‚
1169 3399 1246 3473 cujus

215 3477 345 3557 proxime
357 3479 464 3536 mentio
475 3475 624 3556 praecesiit,
645 3477 697 3536 sint
708 3473 843 3536 referenda
856 3499 864 3544 ς
885 3476 956 3538 unde
968 3475 1049 3534 hodie
1062 3477 1100 3533 ita
1113 3475 1158 3533 ille
1171 3475 1247 3534 locus

214 3555 349 3619 vertitur.-
370 3559 524 3614 Macriano
537 3577 598 3615 vere
609 3559 754 3632 imperandi
768 3555 909 3631 cupiditate
914 3551 1034 3632 flagrans
1050 3593 1059 3619 ‚
1078 3548 1184 3630 tametfi
1194 3557 1245 3610 im·

208 3635 281 3710 perio
292 3631 413 3706 indigam
427 3670 436 3692 ‚
453 3653 512 3690 cum
525 3637 625 3708 regium
636 3637 773 3708 imperium
789 3634 893 3690 induere
906 3651 955 3689 non
966 3629 1040 3708 poffet
1057 3671 1066 3697 ,
1087 3633 1137 3711 ipse
1150 3651 1189 3688 cor
1218 3651 1246 3690 re

213 3716 218 3726 '
233 3707 303 3782 elisas
319 3749 327 3773 ,
354 3711 416 3767 duos
423 3709 493 3784 filios
504 3721 614 3787 paterna
627 3714 654 3767 in
660 3712 693 3789 se
706 3711 874 3796 transtatteros
888 3711 998 3768 crimine
1010 3711 1114 3786 imperio
1124 3641 1244 3786 prosilit.

239 3785 391 3878 tquudrant
405 3785 462 3858 haec
474 3789 581 3863 optimc
592 3807 657 3846 cum
668 3789 700 3846 iis
724 3807 785 3867 quse
799 3797 886 3845 nsunt
902 3787 931 3846 in
953 3783 1035 3866 ipsius
1064 3787 1120 3845 vita
1131 3783 1247 3846 Trebel,-

217 3861 269 3939 tiss
289 3862 385 3940 nuo
426 3863 500 3939 Nan
518 3865 642 3960 quamvis
661 3865 783 3940 illrum
801 3857 1245 3962 nenmsmpucnpuunm,
